@misc{uci-thesis-latex,
  title = {{LaTeX template for thesis and dissertation documents at UC Irvine}},
  author = {Otten, Lars},
  year = 2012,
  howpublished = {\url{https://github.com/lotten/uci-thesis-latex/}}
}
  
@article{KITCHENHAM20132049,
title = "A systematic review of systematic review process research in software engineering",
journal = "Information and Software Technology",
volume = "55",
number = "12",
pages = "2049 - 2075",
year = "2013",
issn = "0950-5849",
doi = "https://doi.org/10.1016/j.infsof.2013.07.010",
url = "http://www.sciencedirect.com/science/article/pii/S0950584913001560",
author = "Barbara Kitchenham and Pearl Brereton",
keywords = "Systematic review, Systematic literature review, Systematic review methodology, Mapping study"
}

@article{HPKnows1999,
author = {Charles G. Sieloff},
title = {“If only HP knew what HP knows”: the roots of knowledge management at Hewlett‐Packard},
journal = {Journal of Knowledge Management},
volume = {3},
number = {1},
pages = {47-53},
year = {1999},
doi = {10.1108/13673279910259385},

URL = { 
        https://doi.org/10.1108/13673279910259385
    
},
eprint = { 
        https://doi.org/10.1108/13673279910259385
    
}
}

@book{bilalić2017neuroscience,
  title={The Neuroscience of Expertise},
  author={Bilali{\'c}, M.},
  isbn={9781107084599},
  lccn={2016049412},
  series={Cambridge Fundamentals of Neur},
  year={2017},
  publisher={Cambridge University Press}
}

@book{guralnik1983webster,
  title={Webster's New World Dictionary},
  author={Guralnik, D.B.},
  isbn={9780139477478},
  lccn={76004634},
  year={1983},
  publisher={Simon and Schuster}
}

@book{ericsson2006cambridge,
  title={The Cambridge Handbook of Expertise and Expert Performance},
  author={Ericsson, K.A. and Charness, N. and Feltovich, P.J. and Hoffman, R.R.},
  isbn={9781139456463},
  series={Cambridge Handbooks in Psychology},
  year={2006},
  publisher={Cambridge University Press}
}

@article{chi2006two,
  title={Two approaches to the study of experts’ characteristics},
  author={Chi, Michelene TH}
}

@book{de2008thought,
  title={Thought and Choice in Chess},
  author={de Groot, A.D.},
  isbn={9789053569986},
  series={Amsterdam Academic Archive Series},
  year={1965},
  publisher={Amsterdam University Press}
}

@article{cohen1980preserved,
  title={Preserved learning and retention of pattern-analyzing skill in amnesia: Dissociation of knowing how and knowing that},
  author={Cohen, Neal J and Squire, Larry R},
  journal={Science},
  volume={210},
  number={4466},
  pages={207--210},
  year={1980},
  publisher={American Association for the Advancement of Science}
}

@article{chase1973perception,
  title={Perception in chess},
  author={Chase, William G and Simon, Herbert A},
  journal={Cognitive psychology},
  volume={4},
  number={1},
  pages={55--81},
  year={1973},
  publisher={Elsevier}
}

@article{gobet1996recall,
  title={Recall of random and distorted chess positions: Implications for the theory of expertise},
  author={Gobet, Fernand and Simon, Herbert A},
  journal={Memory \& cognition},
  volume={24},
  number={4},
  pages={493--503},
  year={1996},
  publisher={Springer}
}

@book{revlin2012cognition,
  title={Cognition: Theory and practice},
  author={Revlin, Russell},
  year={2012},
  publisher={Macmillan}
}

@book{dudai2004memory,
	year = {2004},
	publisher = {Oxford University Press},
	title = {Memory From a to Z: Keywords, Concepts, and Beyond},
	author = {Yadin Dudai}
}

@inproceedings{mockus2002expertise,
  title={Expertise browser: a quantitative approach to identifying expertise},
  author={Mockus, Audris and Herbsleb, James D},
  booktitle={Proceedings of the 24th international conference on software engineering},
  pages={503--512},
  year={2002},
  organization={ACM}
}

@inproceedings{mcdonald2000expertise,
  title={Expertise recommender: a flexible recommendation system and architecture},
  author={McDonald, David W and Ackerman, Mark S},
  booktitle={Proceedings of the 2000 ACM conference on Computer supported cooperative work},
  pages={231--240},
  year={2000},
  organization={ACM}
}

@article{richman1995simulation,
  title={Simulation of expert memory using EPAM IV.},
  author={Richman, Howard B and Staszewski, James J and Simon, Herbert A},
  journal={Psychological Review},
  volume={102},
  number={2},
  pages={305},
  year={1995},
  publisher={American Psychological Association}
}

@ARTICLE{brooks1987no, 
author={F. P. J. Brooks}, 
journal={Computer}, 
title={No Silver Bullet Essence and Accidents of Software Engineering}, 
year={1987}, 
volume={20}, 
number={4}, 
pages={10-19}, 
keywords={Computer industry;Costs;Diseases;Hardware;Industrial accidents;Project management;Roads;Silver;Software engineering;Technological innovation}, 
doi={10.1109/MC.1987.1663532}, 
ISSN={0018-9162}, 
month={April},}

@article{MCKEITHEN1981307,
title = "Knowledge organization and skill differences in computer programmers",
journal = "Cognitive Psychology",
volume = "13",
number = "3",
pages = "307 - 325",
year = "1981",
issn = "0010-0285",
doi = "https://doi.org/10.1016/0010-0285(81)90012-8",
url = "http://www.sciencedirect.com/science/article/pii/0010028581900128",
author = "Katherine B. McKeithen and Judith S. Reitman and Henry H. Rueter and Stephen C. Hirtle"
}

@inproceedings{Dabbish2012social,
 author = {Dabbish, Laura and Stuart, Colleen and Tsay, Jason and Herbsleb, Jim},
 title = {Social Coding in GitHub: Transparency and Collaboration in an Open Software Repository},
 booktitle = {Proceedings of the ACM 2012 Conference on Computer Supported Cooperative Work},
 series = {CSCW '12},
 year = {2012},
 isbn = {978-1-4503-1086-4},
 location = {Seattle, Washington, USA},
 pages = {1277--1286},
 numpages = {10},
 url = {http://doi.acm.org/10.1145/2145204.2145396},
 doi = {10.1145/2145204.2145396},
 acmid = {2145396},
 publisher = {ACM},
 address = {New York, NY, USA},
 keywords = {awareness, collaboration, coordination, open source software development, social computing, transparency},
}

@Article{Reichling2007,
author="Reichling, Tim
and Veith, Michael
and Wulf, Volker",
title="Expert Recommender: Designing for a Network Organization",
journal="Computer Supported Cooperative Work (CSCW)",
year="2007",
month="Oct",
day="01",
volume="16",
number="4",
pages="431--465",
issn="1573-7551",
doi="10.1007/s10606-007-9055-2",
url="https://doi.org/10.1007/s10606-007-9055-2"
}

@inproceedings{Anvik2006who,
 author = {Anvik, John and Hiew, Lyndon and Murphy, Gail C.},
 title = {Who Should Fix This Bug?},
 booktitle = {Proceedings of the 28th International Conference on Software Engineering},
 series = {ICSE '06},
 year = {2006},
 isbn = {1-59593-375-1},
 location = {Shanghai, China},
 pages = {361--370},
 numpages = {10},
 url = {http://doi.acm.org/10.1145/1134285.1134336},
 doi = {10.1145/1134285.1134336},
 acmid = {1134336},
 publisher = {ACM},
 address = {New York, NY, USA},
 keywords = {bug report assignment, bug triage, issue tracking, machine learning, problem tracking},
} 

@article{STEINMACHER201567,
title = "A systematic literature review on the barriers faced by newcomers to open source software projects",
journal = "Information and Software Technology",
volume = "59",
pages = "67 - 85",
year = "2015",
issn = "0950-5849",
doi = "https://doi.org/10.1016/j.infsof.2014.11.001",
url = "http://www.sciencedirect.com/science/article/pii/S0950584914002390",
author = "Igor Steinmacher and Marco Aurelio Graciotto Silva and Marco Aurelio Gerosa and David F. Redmiles",
keywords = "Open source software, Newcomers, Joining, Barriers to entry, Onboarding, Systematic literature review"
}

@article{Fathy2018Large,
 author = {Fathy, Yasmin and Barnaghi, Payam and Tafazolli, Rahim},
 title = {Large-Scale Indexing, Discovery, and Ranking for the Internet of Things (IoT)},
 journal = {ACM Comput. Surv.},
 issue_date = {April 2018},
 volume = {51},
 number = {2},
 month = mar,
 year = {2018},
 issn = {0360-0300},
 pages = {29:1--29:53},
 articleno = {29},
 numpages = {53},
 url = {http://doi.acm.org/10.1145/3154525},
 doi = {10.1145/3154525},
 acmid = {3154525},
 publisher = {ACM},
 address = {New York, NY, USA},
 keywords = {Internet of things (IoT), discovery, indexing, large-scale data, ranking, wireless sensor network (WSN)},
} 

@inproceedings{mcdonald1998just,
  title={Just talk to me: a field study of expertise location},
  author={McDonald, David W and Ackerman, Mark S},
  booktitle={Proceedings of the 1998 ACM conference on Computer supported cooperative work},
  pages={315--324},
  year={1998},
  organization={ACM}
}

@inproceedings{Servant2011history,
 author = {Servant, Francisco and Jones, James A.},
 title = {History Slicing},
 booktitle = {Proceedings of the 2011 26th IEEE/ACM International Conference on Automated Software Engineering},
 series = {ASE '11},
 year = {2011},
 isbn = {978-1-4577-1638-6},
 pages = {452--455},
 numpages = {4},
 url = {http://dx.doi.org/10.1109/ASE.2011.6100097},
 doi = {10.1109/ASE.2011.6100097},
 acmid = {2190098},
 publisher = {IEEE Computer Society},
 address = {Washington, DC, USA},
}

@INPROCEEDINGS{hiring2016sarma, 
author={A. Sarma and X. Chen and S. Kuttal and L. Dabbish and Z. Wang}, 
booktitle={2016 IEEE 11th International Conference on Global Software Engineering (ICGSE)}, 
title={Hiring in the Global Stage: Profiles of Online Contributions}, 
year={2016}, 
volume={}, 
number={}, 
pages={1-10}, 
keywords={human resource management;software engineering;candidate relevant information;card-based design;code hosting site;hiring decisions;online contributions;soft skills;technical Q&A forum;technical skills;visual resume;Aggregates;Collaboration;Computer languages;Encoding;Production;Resumes;Visualization;Developer profiles;hiring decisions;online contributions}, 
doi={10.1109/ICGSE.2016.35}, 
ISSN={2329-6313}, 
month={Aug},}

@inproceedings{servant2012whosefault,
  title={WhoseFault: automatic developer-to-fault assignment through fault localization},
  author={Servant, Francisco and Jones, James A},
  booktitle={Software Engineering (ICSE), 2012 34th International Conference on},
  pages={36--46},
  year={2012},
  organization={IEEE}
}

@inproceedings{Ye2002Supporting,
 author = {Ye, Yunwen and Fischer, Gerhard},
 title = {Supporting Reuse by Delivering Task-relevant and Personalized Information},
 booktitle = {Proceedings of the 24th International Conference on Software Engineering},
 series = {ICSE '02},
 year = {2002},
 isbn = {1-58113-472-X},
 location = {Orlando, Florida},
 pages = {513--523},
 numpages = {11},
 url = {http://doi.acm.org/10.1145/581339.581402},
 doi = {10.1145/581339.581402},
 acmid = {581402},
 publisher = {ACM},
 address = {New York, NY, USA},
} 

@inproceedings{xu2016predicting,
  title={Predicting semantically linkable knowledge in developer online forums via convolutional neural network},
  author={Xu, Bowen and Ye, Deheng and Xing, Zhenchang and Xia, Xin and Chen, Guibin and Li, Shanping},
  booktitle={Proceedings of the 31st IEEE/ACM International Conference on Automated Software Engineering},
  pages={51--62},
  year={2016},
  organization={ACM}
}

@inproceedings{ye2014learning,
  title={Learning to rank relevant files for bug reports using domain knowledge},
  author={Ye, Xin and Bunescu, Razvan and Liu, Chang},
  booktitle={Proceedings of the 22nd ACM SIGSOFT International Symposium on Foundations of Software Engineering},
  pages={689--699},
  year={2014},
  organization={ACM}
}

@inproceedings{minto2007recommending,
  title={Recommending emergent teams},
  author={Minto, Shawn and Murphy, Gail C},
  booktitle={Mining Software Repositories, 2007. ICSE Workshops MSR'07. Fourth International Workshop on},
  pages={5--5},
  year={2007},
  organization={IEEE}
}

@inproceedings{vasilescu2014social,
  title={How social Q\&A sites are changing knowledge sharing in open source software communities},
  author={Vasilescu, Bogdan and Serebrenik, Alexander and Devanbu, Prem and Filkov, Vladimir},
  booktitle={Proceedings of the 17th ACM conference on Computer supported cooperative work \& social computing},
  pages={342--354},
  year={2014},
  organization={ACM}
}

@inproceedings{koenemann1991expert,
  title={Expert problem solving strategies for program comprehension},
  author={Koenemann, J{\"u}rgen and Robertson, Scott P},
  booktitle={Proceedings of the SIGCHI Conference on Human Factors in Computing Systems},
  pages={125--130},
  year={1991},
  organization={ACM}
}

@article{waterson1997dynamics,
  title={The dynamics of work organization, knowledge and technology during software development},
  author={Waterson, Patrick E and Clegg, Chris W and Axtell, Carolyn M},
  journal={International Journal of Human-Computer Studies},
  volume={46},
  number={1},
  pages={79--101},
  year={1997},
  publisher={Elsevier}
}

@article{ley2014information,
  title={Information and expertise sharing in inter-organizational crisis management},
  author={Ley, Benedikt and Ludwig, Thomas and Pipek, Volkmar and Randall, Dave and Reuter, Christian and Wiedenhoefer, Torben},
  journal={Computer Supported Cooperative Work (CSCW)},
  volume={23},
  number={4-6},
  pages={347--387},
  year={2014},
  publisher={Springer}
}

@inproceedings{chen2016towards,
  title={Towards providing on-demand expert support for software developers},
  author={Chen, Yan and Oney, Steve and Lasecki, Walter S},
  booktitle={Proceedings of the 2016 CHI Conference on Human Factors in Computing Systems},
  pages={3192--3203},
  year={2016},
  organization={ACM}
}

@article{fischer2003desert,
  title={Desert island: software engineering—a human activity},
  author={Fischer, Gerhard},
  journal={Automated Software Engineering},
  volume={10},
  number={2},
  pages={233--237},
  year={2003},
  publisher={Springer}
}

@article{bergersen2014construction,
  title={Construction and validation of an instrument for measuring programming skill},
  author={Bergersen, Gunnar R and Sj{\o}berg, Dag IK and Dyb{\aa}, Tore},
  journal={IEEE Transactions on Software Engineering},
  volume={40},
  number={12},
  pages={1163--1184},
  year={2014},
  publisher={IEEE}
}

@article{davies1994knowledge,
  title={Knowledge restructuring and the acquisition of programming expertise},
  author={Davies, Simon P},
  journal={International Journal of Human-Computer Studies},
  volume={40},
  number={4},
  pages={703--726},
  year={1994},
  publisher={Elsevier}
}

@article{stanislaw1994note,
  title={A note on the quantification of computer programming skill},
  author={Stanislaw, Harold and Hesketh, Beryl and Kanavaros, Sylvia and Hesketh, Tim and Robinson, Ken},
  journal={International journal of human-computer studies},
  volume={41},
  number={3},
  pages={351--362},
  year={1994},
  publisher={Elsevier}
}

@article{allen1977managing,
  title={Managing the flow of technology: Technology transfer and the dissemination of technological information within the R \& D organization(Book)},
  author={Allen, Thomas J},
  journal={Research supported by the National Science Foundation. Cambridge, Mass., MIT Press, 1977. 329 p},
  year={1977}
}

@inproceedings{ehrlich1994turning,
  title={Turning information into knowledge: information finding as a collaborative activity},
  author={Ehrlich, Kate and Cash, Debra},
  booktitle={Proceedings of Digital Libraries' 94},
  pages={119--125},
  year={1994}
}

@article{paepcke1996information,
  title={Information needs in technical work settings and their implications for the design of computer tools},
  author={Paepcke, Andreas},
  journal={Computer Supported Cooperative Work (CSCW)},
  volume={5},
  number={1},
  pages={63--92},
  year={1996},
  publisher={Springer}
}

@article{chevalier2003web,
  title={Web site designs: Influences of designer's expertise and design constraints},
  author={Chevalier, Aline and Ivory, Melody Y},
  journal={International Journal of Human-Computer Studies},
  volume={58},
  number={1},
  pages={57--87},
  year={2003},
  publisher={Elsevier}
}

@inproceedings{schuler2008mining,
  title={Mining usage expertise from version archives},
  author={Schuler, David and Zimmermann, Thomas},
  booktitle={Proceedings of the 2008 international working conference on Mining software repositories},
  pages={121--124},
  year={2008},
  organization={ACM}
}

@inproceedings{marlow2013activity,
  title={Activity traces and signals in software developer recruitment and hiring},
  author={Marlow, Jennifer and Dabbish, Laura},
  booktitle={Proceedings of the 2013 conference on Computer supported cooperative work},
  pages={145--156},
  year={2013},
  organization={ACM}
}

@inproceedings{jones2005empirical,
  author    = {James A. Jones and
               Mary Jean Harrold},
  title     = {Empirical evaluation of the tarantula automatic fault-localization
               technique},
  booktitle = {20th {IEEE/ACM} International Conference on Automated Software Engineering
               {(ASE} 2005), November 7-11, 2005, Long Beach, CA, {USA}},
  pages     = {273--282},
  year      = {2005},
  crossref  = {DBLP:conf/kbse/2005},
  url       = {http://doi.acm.org/10.1145/1101908.1101949},
  doi       = {10.1145/1101908.1101949},
  timestamp = {Thu, 13 Aug 2015 18:46:50 +0200},
  biburl    = {https://dblp.org/rec/bib/conf/kbse/JonesH05},
  bibsource = {dblp computer science bibliography, https://dblp.org}
}

@inproceedings{jones2002visualization,
  title={Visualization of test information to assist fault localization},
  author={Jones, James A and Harrold, Mary Jean and Stasko, John},
  booktitle={Proceedings of the 24th international conference on Software engineering},
  pages={467--477},
  year={2002},
  organization={ACM}
}

@inproceedings{kersten2005mylar,
  title={Mylar: a degree-of-interest model for IDEs},
  author={Kersten, Mik and Murphy, Gail C},
  booktitle={Proceedings of the 4th international conference on Aspect-oriented software development},
  pages={159--168},
  year={2005},
  organization={ACM}
}

@book{Simon:1996:SA:237774,
 author = {Simon, Herbert A.},
 title = {The Sciences of the Artificial (3rd Ed.)},
 year = {1996},
 isbn = {0-262-69191-4},
 publisher = {MIT Press},
 address = {Cambridge, MA, USA},
} 

@article{nardi2002integrating,
  title={Integrating communication and information through ContactMap},
  author={Nardi, Bonnie A and Whittaker, Steve and Isaacs, Ellen and Creech, Mike and Johnson, Jeff and Hainsworth, John},
  journal={Communications of the ACM},
  volume={45},
  number={4},
  pages={89--95},
  year={2002},
  publisher={ACM}
}

@inproceedings{lin2009smallblue,
  title={Smallblue: Social network analysis for expertise search and collective intelligence},
  author={Lin, Ching-Yung and Cao, Nan and Liu, Shi Xia and Papadimitriou, Spiros and Sun, Jimeng and Yan, Xifeng},
  booktitle={Data Engineering, 2009. ICDE'09. IEEE 25th International Conference on},
  pages={1483--1486},
  year={2009},
  organization={IEEE}
}

@inproceedings{fritz2010degree,
  title={A degree-of-knowledge model to capture source code familiarity},
  author={Fritz, Thomas and Ou, Jingwen and Murphy, Gail C and Murphy-Hill, Emerson},
  booktitle={Proceedings of the 32nd ACM/IEEE International Conference on Software Engineering-Volume 1},
  pages={385--394},
  year={2010},
  organization={ACM}
}

@book{bobrow1975representation,
  title={Representation and Understanding: Studies in Cognitive Science},
  author={Bobrow, D.G. and Collins, A.M.},
  isbn={9780121085506},
  lccn={75021630},
  series={Language, Thought and Culture Series},
  url={https://books.google.com/books?id=Pd9OAAAAMAAJ},
  year={1975},
  publisher={Elsevier Science \& Technology Books}
}

@inproceedings{tsay2014let,
  title={Let's talk about it: evaluating contributions through discussion in GitHub},
  author={Tsay, Jason and Dabbish, Laura and Herbsleb, James},
  booktitle={Proceedings of the 22nd ACM SIGSOFT international symposium on foundations of software engineering},
  pages={144--154},
  year={2014},
  organization={ACM}
}

@inproceedings{costa2016tipmerge,
  title={TIPMerge: recommending experts for integrating changes across branches},
  author={Costa, Catarina and Figueiredo, Jair and Murta, Leonardo and Sarma, Anita},
  booktitle={Proceedings of the 2016 24th ACM SIGSOFT International Symposium on Foundations of Software Engineering},
  pages={523--534},
  year={2016},
  organization={ACM}
}

@inproceedings{shihab2012effect,
  title={The effect of branching strategies on software quality},
  author={Shihab, Emad and Bird, Christian and Zimmermann, Thomas},
  booktitle={Proceedings of the ACM-IEEE international symposium on Empirical software engineering and measurement},
  pages={301--310},
  year={2012},
  organization={ACM}
}

@article{yu2016reviewer,
  title={Reviewer recommendation for pull-requests in GitHub: What can we learn from code review and bug assignment?},
  author={Yu, Yue and Wang, Huaimin and Yin, Gang and Wang, Tao},
  journal={Information and Software Technology},
  volume={74},
  pages={204--218},
  year={2016},
  publisher={Elsevier}
}

@inproceedings{dourish1992awareness,
  title={Awareness and coordination in shared workspaces},
  author={Dourish, Paul and Bellotti, Victoria},
  booktitle={Proceedings of the 1992 ACM conference on Computer-supported cooperative work},
  pages={107--114},
  year={1992},
  organization={ACM}
}

@article{dror2011paradox,
  title={The paradox of human expertise: why experts get it wrong},
  author={Dror, Itiel E},
  journal={The paradoxical brain},
  volume={177},
  year={2011},
  publisher={Cambridge University Press, Cambridge}
}

@book{liu2013expertise,
  title={The expertise paradox: Examining the role of different aspects of expertise in biased evaluation of scientific information},
  author={Liu, Brittany S},
  year={2013},
  publisher={University of California, Irvine}
}

@misc{staff_nba.com_2017, title={Legends profile: Michael Jordan}, url={http://www.nba.com/history/legends/profiles/michael-jordan}, journal={NBA.com}, publisher={NBA.com}, author={Staff, NBA.com and NBA.com}, year={2017}, month={Aug}
}

@article{flegal2008overthinking,
  title={Overthinking skilled motor performance: Or why those who teach can’t do},
  author={Flegal, Kristin E and Anderson, Michael C},
  journal={Psychonomic Bulletin \& Review},
  volume={15},
  number={5},
  pages={927--932},
  year={2008},
  publisher={Springer}
}

@misc{greenbeans, title={Arthur Andersen's Fall From Grace Is a Sad Tale of Greed and Miscues}, url={https://www.wsj.com/articles/SB1023409436545200}, journal={The Wall Street Journal}, publisher={Dow Jones & Company}, author={and, Ken Brown and Ianthe Jeanne Dugan}, year={2002}, month={Jun}}

@article{kelly2009leadership,
  title={Leadership and organizational culture: Lessons learned from Arthur Andersen},
  author={Kelly, Patrick T and Earley, Christine E},
  journal={Accounting and the public interest},
  volume={9},
  number={1},
  pages={129--147},
  year={2009}
}

@misc{linkedin, title={LinkedIn Help}, url={https://www.linkedin.com/help/linkedin/answer/31888/skill-endorsements-overview?lang=en}, journal={LinkedIn}}

@misc{endorsement, title={LinkedIn Endorsements: Why They May be Hurting You}, url={https://sunsender.wordpress.com/2013/04/22/linkedin-endorsements-why-they-may-be-hurting-you/}, journal={A New Day Today}, year={2013}, month={Apr}}

@article{shah2006motivation,
  title={Motivation, governance, and the viability of hybrid forms in open source software development},
  author={Shah, Sonali K},
  journal={Management science},
  volume={52},
  number={7},
  pages={1000--1014},
  year={2006},
  publisher={INFORMS}
}

@inproceedings{begel2008novice,
  title={Novice software developers, all over again},
  author={Begel, Andrew and Simon, Beth},
  booktitle={Proceedings of the Fourth international Workshop on Computing Education Research},
  pages={3--14},
  year={2008},
  organization={ACM}
}

@inproceedings{pinto1988providing,
  title={Providing the requisite knowledge via software documentation},
  author={Pinto, Jeannine and Soloway, Elliot},
  booktitle={Proceedings of the SIGCHI Conference on Human Factors in Computing Systems},
  pages={257--261},
  year={1988},
  organization={ACM}
}

@article{soloway1984empirical,
  title={Empirical studies of programming knowledge},
  author={Soloway, Elliot and Ehrlich, Kate},
  journal={IEEE Transactions on software engineering},
  number={5},
  pages={595--609},
  year={1984},
  publisher={IEEE}
}

@inproceedings{anvik2007determining,
  title={Determining implementation expertise from bug reports},
  author={Anvik, John and Murphy, Gail C},
  booktitle={Proceedings of the Fourth International Workshop on Mining Software Repositories},
  pages={2},
  year={2007},
  organization={IEEE Computer Society}
}

@article{yang2008social,
  title={A social network-based system for supporting interactive collaboration in knowledge sharing over peer-to-peer network},
  author={Yang, Stephen JH and Chen, Irene YL},
  journal={International Journal of Human-Computer Studies},
  volume={66},
  number={1},
  pages={36--50},
  year={2008},
  publisher={Elsevier}
}

@article{bednarik2012expertise,
  title={Expertise-dependent visual attention strategies develop over time during debugging with multiple code representations},
  author={Bednarik, Roman},
  journal={International Journal of Human-Computer Studies},
  volume={70},
  number={2},
  pages={143--155},
  year={2012},
  publisher={Elsevier}
}

@inproceedings{klas2010transparent,
  title={Transparent combination of expert and measurement data for defect prediction: an industrial case study},
  author={Kl{\"a}s, Michael and Elberzhager, Frank and M{\"u}nch, J{\"u}rgen and Hartjes, Klaus and von Graevemeyer, Olaf},
  booktitle={Proceedings of the 32nd ACM/IEEE International Conference on Software Engineering-Volume 2},
  pages={119--128},
  year={2010},
  organization={ACM}
}

@inproceedings{gottipati2011finding, 
    title={Finding relevant answers in software forums}, 
    author={Gottipati, Swapna and Lo, David and Jiang, Jing}, 
    booktitle={Proceedings of the 2011 26th IEEE/ACM International Conference on Automated Software Engineering}, 
    pages={323--332}, 
    year={2011}, 
    organization={IEEE Computer Society} 
}

@article{pipek2012bridging,
  title={Bridging artifacts and actors: Expertise sharing in organizational ecosystems},
  author={Pipek, Volkmar and Wulf, Volker and Johri, Aditya},
  journal={Computer Supported Cooperative Work (CSCW)},
  volume={21},
  number={2-3},
  pages={261--282},
  year={2012},
  publisher={Springer}
}

@inproceedings{hanrahan2012modeling,
  title={Modeling problem difficulty and expertise in stackoverflow},
  author={Hanrahan, Benjamin V and Convertino, Gregorio and Nelson, Les},
  booktitle={Proceedings of the ACM 2012 conference on Computer Supported Cooperative Work Companion},
  pages={91--94},
  year={2012},
  organization={ACM}
}

@article{maalej2013patterns,
  title={Patterns of knowledge in API reference documentation},
  author={Maalej, Walid and Robillard, Martin P},
  journal={IEEE Transactions on Software Engineering},
  volume={39},
  number={9},
  pages={1264--1282},
  year={2013},
  publisher={IEEE}
}

@article{ackerman2013sharing,
  title={Sharing knowledge and expertise: The CSCW view of knowledge management},
  author={Ackerman, Mark S and Dachtera, Juri and Pipek, Volkmar and Wulf, Volker},
  journal={Computer Supported Cooperative Work (CSCW)},
  volume={22},
  number={4-6},
  pages={531--573},
  year={2013},
  publisher={Springer}
}

@inproceedings{yarosh2013need,
  title={I need someone to help!: a taxonomy of helper-finding activities in the enterprise},
  author={Yarosh, Svetlana and Matthews, Tara and Zhou, Michelle and Ehrlich, Kate},
  booktitle={Proceedings of the 2013 conference on Computer supported cooperative work},
  pages={1375--1386},
  year={2013},
  organization={ACM}
}

@article{maalej2014comprehension,
  title={On the comprehension of program comprehension},
  author={Maalej, Walid and Tiarks, Rebecca and Roehm, Tobias and Koschke, Rainer},
  journal={ACM Transactions on Software Engineering and Methodology (TOSEM)},
  volume={23},
  number={4},
  pages={31},
  year={2014},
  publisher={ACM}
}

@inproceedings{chan2016improving,
  title={Improving crowd innovation with expert facilitation},
  author={Chan, Joel and Dang, Steven and Dow, Steven P},
  booktitle={Proceedings of the 19th ACM Conference on Computer-Supported Cooperative Work \& Social Computing},
  pages={1223--1235},
  year={2016},
  organization={ACM}
}

@inproceedings{thongtanunam2016revisiting,
  title={Revisiting code ownership and its relationship with software quality in the scope of modern code review},
  author={Thongtanunam, Patanamon and McIntosh, Shane and Hassan, Ahmed E and Iida, Hajimu},
  booktitle={Proceedings of the 38th international conference on software engineering},
  pages={1039--1050},
  year={2016},
  organization={ACM}
}

@inproceedings{rahman2016correct,
  title={CoRReCT: code reviewer recommendation in GitHub based on cross-project and technology experience},
  author={Rahman, Mohammad Masudur and Roy, Chanchal K and Collins, Jason A},
  booktitle={Software Engineering Companion (ICSE-C), IEEE/ACM International Conference on},
  pages={222--231},
  year={2016},
  organization={IEEE}
}

@inproceedings{hannebauer2016automatically,
  title={Automatically recommending code reviewers based on their expertise: An empirical comparison},
  author={Hannebauer, Christoph and Patalas, Michael and St{\"u}nkelt, Sebastian and Gruhn, Volker},
  booktitle={Automated Software Engineering (ASE), 2016 31st IEEE/ACM International Conference on},
  pages={99--110},
  year={2016},
  organization={IEEE}
}

@inproceedings{greene2016cvexplorer,
  title={Cvexplorer: Identifying candidate developers by mining and exploring their open source contributions},
  author={Greene, Gillian J and Fischer, Bernd},
  booktitle={Automated Software Engineering (ASE), 2016 31st IEEE/ACM International Conference on},
  pages={804--809},
  year={2016},
  organization={IEEE}
}

@inproceedings{lin2017improving,
  title={Improving software text retrieval using conceptual knowledge in source code},
  author={Lin, Zeqi and Zou, Yanzhen and Zhao, Junfeng and Xie, Bing},
  booktitle={Proceedings of the 32nd IEEE/ACM International Conference on Automated Software Engineering},
  pages={123--134},
  year={2017},
  organization={IEEE Press}
}

@inproceedings{saxena2017know,
  title={I Know What You Coded Last Summer: Mining Candidate Expertise from GitHub Repositories},
  author={Saxena, Rohit and Pedanekar, Niranjan},
  booktitle={Companion of the 2017 ACM Conference on Computer Supported Cooperative Work and Social Computing},
  pages={299--302},
  year={2017},
  organization={ACM}
}

@inproceedings{wang2017recommending,
  title={Recommending crowdsourced software developers in consideration of skill improvement},
  author={Wang, Zizhe and Sun, Hailong and Fu, Yang and Ye, Luting},
  booktitle={Proceedings of the 32nd IEEE/ACM International Conference on Automated Software Engineering},
  pages={717--722},
  year={2017},
  organization={IEEE Press}
}

@article{fritz2014degree,
  title={Degree-of-knowledge: Modeling a developer's knowledge of code},
  author={Fritz, Thomas and Murphy, Gail C and Murphy-Hill, Emerson and Ou, Jingwen and Hill, Emily},
  journal={ACM Transactions on Software Engineering and Methodology (TOSEM)},
  volume={23},
  number={2},
  pages={14},
  year={2014},
  publisher={ACM}
}

@book{brooks1995mythical,
  title={The Mythical Man-Month: Essays on Software Engineering, Anniversary Edition},
  author={Brooks, F.P.},
  isbn={9780132119160},
  url={https://books.google.com/books?id=Yq35BY5Fk3gC},
  year={1995},
  publisher={Pearson Education}
}

@article{olson2000distance,
  title={Distance matters},
  author={Olson, Gary M and Olson, Judith S},
  journal={Human--computer interaction},
  volume={15},
  number={2-3},
  pages={139--178},
  year={2000},
  publisher={Taylor \& Francis}
}

@book{bohlander2010managing,
  title={Managing Human Resources},
  author={Bohlander, G.W. and Snell, S.},
  isbn={9780324593310},
  lccn={2008942711},
  series={Available Titles Aplia Series},
  url={https://books.google.com/books?id=J1MgADAhyr8C},
  year={2010},
  publisher={South-Western Cengage Learning}
}

@article{fawcett2006introduction,
  title={An introduction to ROC analysis},
  author={Fawcett, Tom},
  journal={Pattern recognition letters},
  volume={27},
  number={8},
  pages={861--874},
  year={2006},
  publisher={Elsevier}
}