@article{PETERSEN2011317,
title = "Measuring and predicting software productivity: A systematic map and review",
journal = "Information and Software Technology",
volume = "53",
number = "4",
pages = "317 - 343",
year = "2011",
note = "Special section: Software Engineering track of the 24th Annual Symposium on Applied Computing",
issn = "0950-5849",
doi = "https://doi.org/10.1016/j.infsof.2010.12.001",
url = "http://www.sciencedirect.com/science/article/pii/S0950584910002156",
author = "Kai Petersen",
keywords = "Software productivity, Software development, Efficiency, Performance, Measurement, Prediction"
}
@article{DELAPUENTE200810680,
title = "The ASSERT Virtual Machine: A Predictable Platform for Real-Time Systems",
journal = "IFAC Proceedings Volumes",
volume = "41",
number = "2",
pages = "10680 - 10685",
year = "2008",
note = "17th IFAC World Congress",
issn = "1474-6670",
doi = "https://doi.org/10.3182/20080706-5-KR-1001.01810",
url = "http://www.sciencedirect.com/science/article/pii/S1474667016406804",
author = "Juan A. de la Puente and Juan Zamorano and José A. Pulido and Santiago Urueña",
keywords = "Computers for control, real-time systems, programming environments, software engineering, model-driven development"
}
@article{LOUCOPOULOS1989123,
title = "Knowledge-based support for requirements engineering",
journal = "Information and Software Technology",
volume = "31",
number = "3",
pages = "123 - 135",
year = "1989",
issn = "0950-5849",
doi = "https://doi.org/10.1016/0950-5849(89)90103-1",
url = "http://www.sciencedirect.com/science/article/pii/0950584989901031",
author = "P Loucopoulos and REM Champion",
keywords = "information systems, systems development methods, requirements engineering, knowledge-based environments"
}
@article{ZHU2007265,
title = "MDABench: Customized benchmark generation using MDA",
journal = "Journal of Systems and Software",
volume = "80",
number = "2",
pages = "265 - 282",
year = "2007",
issn = "0164-1212",
doi = "https://doi.org/10.1016/j.jss.2006.10.052",
url = "http://www.sciencedirect.com/science/article/pii/S0164121206003384",
author = "Liming Zhu and Ngoc Bao Bui and Yan Liu and Ian Gorton",
keywords = "MDA, Model-driven development, Performance, Testing, Code generation"
}
@article{CHINPINGCHANG1994311,
title = "Improved Traffic System Integration Through Software Simulation",
journal = "IFAC Proceedings Volumes",
volume = "27",
number = "12",
pages = "311 - 315",
year = "1994",
note = "IFAC Symposium on Transportation Systems: Theory and Application of Advanced Technology, Tianjin, PRC, 24-26 August",
issn = "1474-6670",
doi = "https://doi.org/10.1016/S1474-6670(17)47489-1",
url = "http://www.sciencedirect.com/science/article/pii/S1474667017474891",
author = "Edmond Chin-Ping Chang",
keywords = "Artificial intelligence, Expert systems, Software development, Transportation control-Advanced Traffic Management Systems"
}
@article{TAMM1984367,
title = "A system for CAD/CAM software development and implementation",
journal = "Computers in Industry",
volume = "5",
number = "4",
pages = "367 - 376",
year = "1984",
issn = "0166-3615",
doi = "https://doi.org/10.1016/0166-3615(84)90060-5",
url = "http://www.sciencedirect.com/science/article/pii/0166361584900605",
author = "B. Tamm and R. Kyttner and J. Vilipyld and J. Pruuden",
keywords = "CAD, CAM, software, meta-system, mechanical engineering, civil engineering, Nc-programming, problem-oriented languages, package integration, MEMO"
}
@incollection{20031183,
title = "Chapter 29 - Introducing Snort",
editor = "Anne Carasik-Henmi and Thomas W. Shinder and Cherie Amon and Robert J. Shimonski and Debra Littlejohn Shinder",
booktitle = "The Best Damn Firewall Book Period",
publisher = "Syngress",
address = "Burlington",
pages = "1183 - 1208",
year = "2003",
isbn = "978-1-931836-90-6",
doi = "https://doi.org/10.1016/B978-193183690-6/50070-4",
url = "http://www.sciencedirect.com/science/article/pii/B9781931836906500704"
}
@article{WANNAGAT20084144,
title = "Agent oriented software-development for networked embedded systems with real time and dependability requirements in the domain of automation",
journal = "IFAC Proceedings Volumes",
volume = "41",
number = "2",
pages = "4144 - 4149",
year = "2008",
note = "17th IFAC World Congress",
issn = "1474-6670",
doi = "https://doi.org/10.3182/20080706-5-KR-1001.00697",
url = "http://www.sciencedirect.com/science/article/pii/S1474667016395957",
author = "A. Wannagat and B. Vogel-Heuser"
}
@incollection{WILES2007393,
title = "Chapter 11 - Forensic Discovery and Analysis Using BackTrack",
editor = "Jack Wiles and Anthony Reyes",
booktitle = "The Best Damn Cybercrime and Digital Forensics Book Period",
publisher = "Syngress",
address = "Burlington",
pages = "393 - 459",
year = "2007",
isbn = "978-1-59749-228-7",
doi = "https://doi.org/10.1016/B978-1-59749-228-7.00011-4",
url = "http://www.sciencedirect.com/science/article/pii/B9781597492287000114",
author = "Jack Wiles and Anthony Reyes"
}
@article{CHAKRABORTY201574,
title = "Open data for informal settlements: Toward a user׳s guide for urban managers and planners",
journal = "Journal of Urban Management",
volume = "4",
number = "2",
pages = "74 - 91",
year = "2015",
note = "Big/Open Data for Urban Management",
issn = "2226-5856",
doi = "https://doi.org/10.1016/j.jum.2015.12.001",
url = "http://www.sciencedirect.com/science/article/pii/S2226585615000229",
author = "Arnab Chakraborty and Bev Wilson and Saket Sarraf and Arnab Jana",
keywords = "Open data, Informal settlements, Slums, Planning support, Nongovernmental organizations"
}
@article{RAUP2007104,
title = "Remote sensing and GIS technology in the Global Land Ice Measurements from Space (GLIMS) Project",
journal = "Computers & Geosciences",
volume = "33",
number = "1",
pages = "104 - 125",
year = "2007",
issn = "0098-3004",
doi = "https://doi.org/10.1016/j.cageo.2006.05.015",
url = "http://www.sciencedirect.com/science/article/pii/S0098300406001014",
author = "Bruce Raup and Andreas Kääb and Jeffrey S. Kargel and Michael P. Bishop and Gordon Hamilton and Ella Lee and Frank Paul and Frank Rau and Deborah Soltesz and Siri Jodha Singh Khalsa and Matthew Beedle and Christopher Helm",
keywords = "Glaciers, Remote sensing, Database, Open-source GIS"
}
@article{KUHRMANN2014172,
title = "The Process Enactment Tool Framework—Transformation of software process models to prepare enactment",
journal = "Science of Computer Programming",
volume = "79",
pages = "172 - 188",
year = "2014",
note = "Experimental Software and Toolkits (EST 4): A special issue of the Workshop on Academic Software Development Tools and Techniques (WASDeTT-3 2010)",
issn = "0167-6423",
doi = "https://doi.org/10.1016/j.scico.2012.03.007",
url = "http://www.sciencedirect.com/science/article/pii/S0167642312000640",
author = "Marco Kuhrmann and Georg Kalus and Manuel Then",
keywords = "Development process models, Process model mapping, Enactment, Project initialization support"
}
@article{CHEN2006141,
title = "Facilitating formal specification acquisition by using recursive functions on context-free languages",
journal = "Knowledge-Based Systems",
volume = "19",
number = "2",
pages = "141 - 151",
year = "2006",
note = "Intelligent Software Design",
issn = "0950-7051",
doi = "https://doi.org/10.1016/j.knosys.2005.10.005",
url = "http://www.sciencedirect.com/science/article/pii/S0950705105000900",
author = "Haiming Chen and Yunmei Dong",
keywords = "Formal specification language, Context-free language, Recursive function, Specification acquisition, Specification validation"
}
@article{LENNSELIUS1987365,
title = "Software metrics: fault content estimation and software process control",
journal = "Microprocessors and Microsystems",
volume = "11",
number = "7",
pages = "365 - 375",
year = "1987",
issn = "0141-9331",
doi = "https://doi.org/10.1016/0141-9331(87)90524-2",
url = "http://www.sciencedirect.com/science/article/pii/0141933187905242",
author = "Bo Lennselius and Claes Wohlin and Ctirad Vrana",
keywords = "software development, complexity metrics, reliability models"
}
@article{LINARO20145,
title = "Command-line cellular electrophysiology for conventional and real-time closed-loop experiments",
journal = "Journal of Neuroscience Methods",
volume = "230",
pages = "5 - 19",
year = "2014",
issn = "0165-0270",
doi = "https://doi.org/10.1016/j.jneumeth.2014.04.003",
url = "http://www.sciencedirect.com/science/article/pii/S0165027014001198",
author = "Daniele Linaro and João Couto and Michele Giugliano",
keywords = "Electrophysiology, Command-line interface, Real-time computing, Experimental control, Cellular neurobiology, Dynamic clamp, Current clamp, Closed-loop, Neuroinformatics, Scripted electrophysiology, Hybrid experiments, Active Electrode Compensation"
}
@incollection{KEYDEL2008225,
title = "Chapter 5 - Installing and Using a Version Control System",
editor = "Jack Ganssle and Stuart Ball and Arnold S. Berger and Keith E. Curtis and Lewin A.R.W. Edwards and Rick Gentile and Martin Gomez and John M. Holland and David J. Katz and Chris Keydel and Jean La Brosse and Olaf Meding and Robert Oshana and Peter Wilson",
booktitle = "Embedded Systems",
publisher = "Newnes",
address = "Burlington",
pages = "225 - 246",
year = "2008",
isbn = "978-0-7506-8625-9",
doi = "https://doi.org/10.1016/B978-075068625-9.50008-7",
url = "http://www.sciencedirect.com/science/article/pii/B9780750686259500087",
author = "Chris Keydel and Olaf Meding"
}
@article{VILLA2002445,
title = "Designing an integrated knowledge base to support ecosystem services valuation",
journal = "Ecological Economics",
volume = "41",
number = "3",
pages = "445 - 456",
year = "2002",
issn = "0921-8009",
doi = "https://doi.org/10.1016/S0921-8009(02)00093-9",
url = "http://www.sciencedirect.com/science/article/pii/S0921800902000939",
author = "Ferdinando Villa and Matthew A. Wilson and Rudolf de Groot and Steven Farber and Robert Costanza and Roelof M.J. Boumans",
keywords = "Ecosystem, Dynamic, Knowledge base, Meta-analysis"
}
@article{LENG199455,
title = "Integrated flight dynamics and control analysis",
journal = "Advances in Engineering Software",
volume = "20",
number = "1",
pages = "55 - 58",
year = "1994",
issn = "0965-9978",
doi = "https://doi.org/10.1016/0965-9978(94)90031-0",
url = "http://www.sciencedirect.com/science/article/pii/0965997894900310",
author = "Gerard Leng",
keywords = "flight dynamics and control, aircraft performance, PC software development"
}
@article{PLANT1991186,
title = "Rigorous approach to the development of knowledge-based systems",
journal = "Knowledge-Based Systems",
volume = "4",
number = "4",
pages = "186 - 196",
year = "1991",
issn = "0950-7051",
doi = "https://doi.org/10.1016/0950-7051(91)90048-7",
url = "http://www.sciencedirect.com/science/article/pii/0950705191900487",
author = "Robert T. Plant",
keywords = "knowledge-based systems, system development, specification"
}
@article{KOFKE2002327,
title = "Web-based technologies for teaching and using molecular simulation",
journal = "Fluid Phase Equilibria",
volume = "194-197",
pages = "327 - 335",
year = "2002",
note = "Proceedings of the Ninth International Conference on Properties and Phase Equilibria for Product and Process Design",
issn = "0378-3812",
doi = "https://doi.org/10.1016/S0378-3812(01)00685-9",
url = "http://www.sciencedirect.com/science/article/pii/S0378381201006859",
author = "David A. Kofke and Bryan C. Mihalick",
keywords = "Molecular simulation, Application programming interface, Java, Education, Software"
}
@article{POTENZIANI2015129,
title = "3DHOP: 3D Heritage Online Presenter",
journal = "Computers & Graphics",
volume = "52",
pages = "129 - 141",
year = "2015",
issn = "0097-8493",
doi = "https://doi.org/10.1016/j.cag.2015.07.001",
url = "http://www.sciencedirect.com/science/article/pii/S0097849315001041",
author = "Marco Potenziani and Marco Callieri and Matteo Dellepiane and Massimiliano Corsini and Federico Ponchio and Roberto Scopigno",
keywords = "Online presentation, WebGL, 3D web, Web based 3D rendering, Online 3D content deployment, Cultural Heritage"
}
@article{XU2000157,
title = "Integration of medical applications: the ‘mediator service’ of the SynEx platform",
journal = "International Journal of Medical Informatics",
volume = "58-59",
pages = "157 - 166",
year = "2000",
issn = "1386-5056",
doi = "https://doi.org/10.1016/S1386-5056(00)00084-8",
url = "http://www.sciencedirect.com/science/article/pii/S1386505600000848",
author = "Yigang Xu and Dominique Sauquet and Eric Zapletal and David Lemaitre and Patrice Degoulet",
keywords = "Integration, Interoperability, Mediation, Middleware, XML"
}
@article{TAKADA1994123,
title = "AMI/AMIMADO, A design environment for neural networks, and its applications",
journal = "Control Engineering Practice",
volume = "2",
number = "1",
pages = "123 - 128",
year = "1994",
issn = "0967-0661",
doi = "https://doi.org/10.1016/0967-0661(94)90580-0",
url = "http://www.sciencedirect.com/science/article/pii/0967066194905800",
author = "H. Takada and K. Hamada and K. Kaya",
keywords = "neural nets, pattern recognition, software development, computer-aided design, steel manufacture, expert systems, failure detection, system identification"
}
@article{XUE201673,
title = "Efficient GPU out-of-core visualization of large-scale CAD models with voxel representations",
journal = "Advances in Engineering Software",
volume = "99",
pages = "73 - 80",
year = "2016",
issn = "0965-9978",
doi = "https://doi.org/10.1016/j.advengsoft.2016.05.006",
url = "http://www.sciencedirect.com/science/article/pii/S0965997816301028",
author = "Junjie Xue and Gang Zhao and Wenlei Xiao",
keywords = "Voxel representation, Massive model rendering, GPU out-of-core, Visibility query, Geometry compression"
}
@article{VALIEV20101477,
title = "NWChem: A comprehensive and scalable open-source solution for large scale molecular simulations",
journal = "Computer Physics Communications",
volume = "181",
number = "9",
pages = "1477 - 1489",
year = "2010",
issn = "0010-4655",
doi = "https://doi.org/10.1016/j.cpc.2010.04.018",
url = "http://www.sciencedirect.com/science/article/pii/S0010465510001438",
author = "M. Valiev and E.J. Bylaska and N. Govind and K. Kowalski and T.P. Straatsma and H.J.J. Van Dam and D. Wang and J. Nieplocha and E. Apra and T.L. Windus and W.A. de Jong",
keywords = "NWChem, DFT, Coupled cluster, QMMM, Plane wave methods"
}
@article{AHMED20081098,
title = "The software product line architecture: An empirical investigation of key process activities",
journal = "Information and Software Technology",
volume = "50",
number = "11",
pages = "1098 - 1113",
year = "2008",
issn = "0950-5849",
doi = "https://doi.org/10.1016/j.infsof.2007.10.013",
url = "http://www.sciencedirect.com/science/article/pii/S0950584907001243",
author = "Faheem Ahmed and Luiz Fernando Capretz",
keywords = "Software product line, Software architecture, Empirical study, Software engineering, Domain engineering"
}
@article{LINTULAMPI199145,
title = "Graphical Prototyping of Tasking Behaviour",
journal = "IFAC Proceedings Volumes",
volume = "24",
number = "2",
pages = "45 - 49",
year = "1991",
note = "IFAC/IFIP Workshop on Real Time Programming, Atlanta, GA, USA, 15-17 May 1991",
issn = "1474-6670",
doi = "https://doi.org/10.1016/S1474-6670(17)51267-7",
url = "http://www.sciencedirect.com/science/article/pii/S1474667017512677",
author = "R. Lintulampi and P. Pulli",
keywords = "Software tools, software development, real time computer systems, simulation, specification languages, software prototyping"
}
@article{ALLISON2014172,
title = "Synthesizing interpreted domain-specific models to manage smart microgrids",
journal = "Journal of Systems and Software",
volume = "96",
pages = "172 - 193",
year = "2014",
issn = "0164-1212",
doi = "https://doi.org/10.1016/j.jss.2014.06.006",
url = "http://www.sciencedirect.com/science/article/pii/S0164121214001435",
author = "Mark Allison and Karl A. Morris and Fábio M. Costa and Peter J. Clarke",
keywords = "Domain-specific modeling languages, Model of execution, Microgrids"
}
@article{MCLINDEN2017293,
title = "And then the internet happened: Thoughts on the future of concept mapping",
journal = "Evaluation and Program Planning",
volume = "60",
pages = "293 - 300",
year = "2017",
issn = "0149-7189",
doi = "https://doi.org/10.1016/j.evalprogplan.2016.10.009",
url = "http://www.sciencedirect.com/science/article/pii/S0149718916301847",
author = "Daniel McLinden",
keywords = "Concept mapping, Participatory research, Program theory, Peer production, Network analysis, Multidimensional scaling, Cluster analysis"
}
@article{PRESTWICH2001302,
title = "Parallel Software Performance Metrics as Continuous Functions of Event Times",
journal = "Electronic Notes in Theoretical Computer Science",
volume = "40",
pages = "302",
year = "2001",
note = "MFCSIT2000, The First Irish Conference on the Mathematical Foundations of Computer Science and Information Technology",
issn = "1571-0661",
doi = "https://doi.org/10.1016/S1571-0661(05)80057-X",
url = "http://www.sciencedirect.com/science/article/pii/S157106610580057X",
author = "S.D. Prestwich"
}
@article{VENGATTARAMAN20111405,
title = "An application perspective evaluation of multi-agent system in versatile environments",
journal = "Expert Systems with Applications",
volume = "38",
number = "3",
pages = "1405 - 1416",
year = "2011",
issn = "0957-4174",
doi = "https://doi.org/10.1016/j.eswa.2010.07.047",
url = "http://www.sciencedirect.com/science/article/pii/S0957417410006755",
author = "T. Vengattaraman and S. Abiramy and P. Dhavachelvan and R. Baskaran",
keywords = "Testing and debugging, Distributed artificial intelligence, Multi-agent systems, Exception handling, Metrics-performance measures, Model validation and analysis"
}
@article{CHAN1998117,
title = "An object-oriented implementation of an entity relationship model",
journal = "Journal of Systems and Software",
volume = "41",
number = "2",
pages = "117 - 125",
year = "1998",
issn = "0164-1212",
doi = "https://doi.org/10.1016/S0164-1212(97)10012-7",
url = "http://www.sciencedirect.com/science/article/pii/S0164121297100127",
author = "Hock Chuan Chan and Danny C.C. Poo and Cheng Peng Woon",
keywords = "Object-oriented implementation, Entity relationship modeling, Software engineering"
}
@article{CABRI2006127,
title = "Applying security policies through agent roles: A JAAS based approach",
journal = "Science of Computer Programming",
volume = "59",
number = "1",
pages = "127 - 146",
year = "2006",
note = "Special Issue on Principles and Practices of Programming in Java (PPPJ 2004)",
issn = "0167-6423",
doi = "https://doi.org/10.1016/j.scico.2005.07.008",
url = "http://www.sciencedirect.com/science/article/pii/S0167642305000894",
author = "Giacomo Cabri and Luca Ferrari and Letizia Leonardi",
keywords = "Roles, Java agents, Authentication, Local policies"
}
@incollection{MCLAREN2009135,
title = "Chapter 4 Informatics in Agricultural Research for Development",
series = "Advances in Agronomy",
publisher = "Academic Press",
volume = "102",
pages = "135 - 157",
year = "2009",
issn = "0065-2113",
doi = "https://doi.org/10.1016/S0065-2113(09)01004-9",
url = "http://www.sciencedirect.com/science/article/pii/S0065211309010049",
author = "C. Graham McLaren and Thomas Metz and Marco van den Berg and Richard M. Bruskiewich and Noel P. Magor and David Shires",
keywords = "International agriculture, Informatics for development, Information technology for extension, Scientific information for development, Knowledge for farmers"
}
@article{SENDELJ2004487,
title = "Fuzzy systems based on component software",
journal = "Fuzzy Sets and Systems",
volume = "141",
number = "3",
pages = "487 - 504",
year = "2004",
issn = "0165-0114",
doi = "https://doi.org/10.1016/S0165-0114(02)00592-4",
url = "http://www.sciencedirect.com/science/article/pii/S0165011402005924",
author = "Ramo Šendelj and Vladan Devedžić",
keywords = "Fuzzy logic, Fuzzy expert systems, Hierarchical modeling, Software components, Medical diagnosis"
}
@incollection{LEIBSON2006131,
title = "Chapter 6 - Introduction to Diamond Standard Series Processor Cores",
editor = "Steve Leibson",
booktitle = "Designing SOCs with Configured Cores",
publisher = "Morgan Kaufmann",
address = "San Francisco",
pages = "131 - 150",
year = "2006",
series = "Systems on Silicon",
issn = "18759661",
doi = "https://doi.org/10.1016/B978-012372498-4/50046-5",
url = "http://www.sciencedirect.com/science/article/pii/B9780123724984500465",
author = "Steve Leibson"
}
@article{TONTA20081,
title = "Libraries and museums in the flat world: Are they becoming virtual destinations?",
journal = "Library Collections, Acquisitions, and Technical Services",
volume = "32",
number = "1",
pages = "1 - 9",
year = "2008",
issn = "1464-9055",
doi = "https://doi.org/10.1016/j.lcats.2008.05.002",
url = "http://www.sciencedirect.com/science/article/pii/S1464905508000328",
author = "Yaşar Tonta",
keywords = "Libraries as virtual destinations, Museums as virtual destinations, Digitization of cultural heritage resources, “Inside out” digital cultural repositories"
}
@article{HORN2015127,
title = "Lead-DBS: A toolbox for deep brain stimulation electrode localizations and visualizations",
journal = "NeuroImage",
volume = "107",
pages = "127 - 135",
year = "2015",
issn = "1053-8119",
doi = "https://doi.org/10.1016/j.neuroimage.2014.12.002",
url = "http://www.sciencedirect.com/science/article/pii/S1053811914009938",
author = "Andreas Horn and Andrea A. Kühn",
keywords = "Deep brain stimulation, Brain anatomy, Subthalamic nucleus, Pallidum, Thalamus, Contact localization"
}
@article{SHARIATYAZDI2016176,
title = "A framework for capturing, statistically modeling and analyzing the evolution of software models",
journal = "Journal of Systems and Software",
volume = "118",
pages = "176 - 207",
year = "2016",
issn = "0164-1212",
doi = "https://doi.org/10.1016/j.jss.2016.05.010",
url = "http://www.sciencedirect.com/science/article/pii/S0164121216300437",
author = "Hamed Shariat Yazdi and Lefteris Angelis and Timo Kehrer and Udo Kelter",
keywords = "Software model evolution analysis, Time series analysis, Forecasting, Simulation, Test model generation, Model driven engineering"
}
@article{HSUEH20081430,
title = "A quantitative approach for evaluating the quality of design patterns",
journal = "Journal of Systems and Software",
volume = "81",
number = "8",
pages = "1430 - 1439",
year = "2008",
issn = "0164-1212",
doi = "https://doi.org/10.1016/j.jss.2007.11.724",
url = "http://www.sciencedirect.com/science/article/pii/S0164121207003172",
author = "Nien-Lin Hsueh and Peng-Hua Chu and William Chu",
keywords = "Design pattern, Object-oriented metrics, Software quality"
}
@article{TOSUN20101242,
title = "Practical considerations in deploying statistical methods for defect prediction: A case study within the Turkish telecommunications industry",
journal = "Information and Software Technology",
volume = "52",
number = "11",
pages = "1242 - 1257",
year = "2010",
note = "Special Section on Best Papers PROMISE 2009",
issn = "0950-5849",
doi = "https://doi.org/10.1016/j.infsof.2010.06.006",
url = "http://www.sciencedirect.com/science/article/pii/S0950584910001163",
author = "Ayşe Tosun and Ayşe Bener and Burak Turhan and Tim Menzies",
keywords = "Software defect prediction, Experience report, Naïve Bayes, Static code attributes"
}
@article{HOHN200747,
title = "SPARX, a new environment for Cryo-EM image processing",
journal = "Journal of Structural Biology",
volume = "157",
number = "1",
pages = "47 - 55",
year = "2007",
note = "Software tools for macromolecular microscopy",
issn = "1047-8477",
doi = "https://doi.org/10.1016/j.jsb.2006.07.003",
url = "http://www.sciencedirect.com/science/article/pii/S1047847706002127",
author = "Michael Hohn and Grant Tang and Grant Goodyear and P.R. Baldwin and Zhong Huang and Pawel A. Penczek and Chao Yang and Robert M. Glaeser and Paul D. Adams and Steven J. Ludtke",
keywords = "CryoEM, TEM, Single particle analysis, 3-D reconstruction, Image processing"
}
@article{BRADLEY2012112,
title = "A Platform for Real-Time Control Education with LEGO MINDSTORMS®1",
journal = "IFAC Proceedings Volumes",
volume = "45",
number = "11",
pages = "112 - 117",
year = "2012",
note = "9th IFAC Symposium Advances in Control Education",
issn = "1474-6670",
doi = "https://doi.org/10.3182/20120619-3-RU-2024.00062",
url = "http://www.sciencedirect.com/science/article/pii/S1474667015375868",
author = "Peter J. Bradley and Juan A. de la Puente and Juan Zamorano and Daniel Brosnan",
keywords = "Control education, real-time systems, embedded systems, LEGO MINDSTORMS, Simulink, robot programming, Ada tasking programs"
}
@article{BROOKE2001365,
title = "Organisational scenarios and legacy systems",
journal = "International Journal of Information Management",
volume = "21",
number = "5",
pages = "365 - 384",
year = "2001",
issn = "0268-4012",
doi = "https://doi.org/10.1016/S0268-4012(01)00023-8",
url = "http://www.sciencedirect.com/science/article/pii/S0268401201000238",
author = "Carole Brooke and Magnus Ramage",
keywords = "Legacy system, Scenario, Business process, Software"
}
@article{GOKER1999665,
title = "The development and utilization of the case-based help-desk support system HOMER",
journal = "Engineering Applications of Artificial Intelligence",
volume = "12",
number = "6",
pages = "665 - 680",
year = "1999",
issn = "0952-1976",
doi = "https://doi.org/10.1016/S0952-1976(99)00037-8",
url = "http://www.sciencedirect.com/science/article/pii/S0952197699000378",
author = "Mehmet H Göker and Thomas Roth-Berghofer",
keywords = "Case-based reasoning, Help-desk support, Software engineering, Case-based reasoning process model"
}
@article{WALLACE201673,
title = "Application power profiling on IBM Blue Gene/Q",
journal = "Parallel Computing",
volume = "57",
pages = "73 - 86",
year = "2016",
issn = "0167-8191",
doi = "https://doi.org/10.1016/j.parco.2016.05.015",
url = "http://www.sciencedirect.com/science/article/pii/S0167819116300485",
author = "Sean Wallace and Zhou Zhou and Venkatram Vishwanath and Susan Coghlan and John Tramm and Zhiling Lan and Michael E. Papka",
keywords = "Power profiling, Energy efficiency, Blue Gene/Q, Power performance analysis"
}
@article{PETTERSSON2008972,
title = "A practitioner’s guide to light weight software process assessment and improvement planning",
journal = "Journal of Systems and Software",
volume = "81",
number = "6",
pages = "972 - 995",
year = "2008",
note = "Agile Product Line Engineering",
issn = "0164-1212",
doi = "https://doi.org/10.1016/j.jss.2007.08.032",
url = "http://www.sciencedirect.com/science/article/pii/S016412120700221X",
author = "F. Pettersson and M. Ivarsson and T. Gorschek and P. Öhman",
keywords = "Software engineering, Software process improvement, Software process assessment, Requirements engineering"
}
@article{MEHTA1997201,
title = "Models, techniques, and algorithms for finding, selecting, and displaying patterns in strings and other discrete objects",
journal = "Journal of Systems and Software",
volume = "39",
number = "3",
pages = "201 - 221",
year = "1997",
issn = "0164-1212",
doi = "https://doi.org/10.1016/S0164-1212(96)00110-0",
url = "http://www.sciencedirect.com/science/article/pii/S0164121296001100",
author = "Dinesh P. Mehta and Sartaj Sahni"
}
@article{OLSZAK2012131,
title = "Remodularizing Java programs for improved locality of feature implementations in source code",
journal = "Science of Computer Programming",
volume = "77",
number = "3",
pages = "131 - 151",
year = "2012",
note = "Feature-Oriented Software Development (FOSD 2009)",
issn = "0167-6423",
doi = "https://doi.org/10.1016/j.scico.2010.10.007",
url = "http://www.sciencedirect.com/science/article/pii/S0167642310001917",
author = "Andrzej Olszak and Bo Nørregaard Jørgensen",
keywords = "Features, Remodularization, Feature location, Fragile decomposition problem"
}
@article{WHITEFIELD1992443,
title = "Case study in human factors evaluation",
journal = "Information and Software Technology",
volume = "34",
number = "7",
pages = "443 - 451",
year = "1992",
issn = "0950-5849",
doi = "https://doi.org/10.1016/0950-5849(92)90036-O",
url = "http://www.sciencedirect.com/science/article/pii/095058499290036O",
author = "A Whitefield and A Sutcliffe",
keywords = "human-computer interaction, human factors, system development, evaluation, usability, software quality assurance, case study"
}
@article{KNIGHT199251,
title = "Flowes: An intelligent computational fluid dynamics system",
journal = "Engineering Applications of Artificial Intelligence",
volume = "5",
number = "1",
pages = "51 - 58",
year = "1992",
issn = "0952-1976",
doi = "https://doi.org/10.1016/0952-1976(92)90097-4",
url = "http://www.sciencedirect.com/science/article/pii/0952197692900974",
author = "B. Knight and M. Petridis",
keywords = "Computational fluid dynamics, artificial intelligence, blackboard system, intelligent front end"
}
@incollection{2007317,
title = "Chapter 8 - Infrastructure Security: System Hardening",
editor = "Ido Dubrawsky",
booktitle = "How to Cheat at Securing Your Network",
publisher = "Syngress",
address = "Burlington",
pages = "317 - 343",
year = "2007",
series = "How to Cheat",
isbn = "978-1-59749-231-7",
doi = "https://doi.org/10.1016/B978-159749231-7.50011-3",
url = "http://www.sciencedirect.com/science/article/pii/B9781597492317500113"
}
@article{ROSSI2011820,
title = "MAPIT: a pedagogical-relational ITS",
journal = "Procedia Computer Science",
volume = "3",
pages = "820 - 826",
year = "2011",
note = "World Conference on Information Technology",
issn = "1877-0509",
doi = "https://doi.org/10.1016/j.procs.2010.12.135",
url = "http://www.sciencedirect.com/science/article/pii/S1877050910005107",
author = "Pier Giuseppe Rossi and Simone Carletti",
keywords = "Teachers’ thinking, Intelligent tutoring system, Multi agent system, Learning management system, Tracking data, Chat-bot"
}
@article{WELP2001535,
title = "The use of decision support tools in participatory river basin management",
journal = "Physics and Chemistry of the Earth, Part B: Hydrology, Oceans and Atmosphere",
volume = "26",
number = "7",
pages = "535 - 539",
year = "2001",
issn = "1464-1909",
doi = "https://doi.org/10.1016/S1464-1909(01)00046-6",
url = "http://www.sciencedirect.com/science/article/pii/S1464190901000466",
author = "M. Welp"
}
@article{DIAZCACHERO1997613,
title = "Flexible Laboratory Robotics System: Hardware and Software Overview",
journal = "IFAC Proceedings Volumes",
volume = "30",
number = "19",
pages = "613 - 616",
year = "1997",
note = "IFAC/IFIP Conference on Management and Control of Production and Logistics (MCPL'97), Campinas, SP, Brazil, 31 August-3 September 1997",
issn = "1474-6670",
doi = "https://doi.org/10.1016/S1474-6670(17)42367-6",
url = "http://www.sciencedirect.com/science/article/pii/S1474667017423676",
author = "M.C. Díaz Cachero and R. Gill and J.D. Manley",
keywords = "flexible automation, robotics, hardware, software engineering, user interface, database system, scheduling, network"
}
@article{VILLARROEL1992341,
title = "Petri Nets in a Knowledge Representation Schema for the Coordination of Plant Elements",
journal = "IFAC Proceedings Volumes",
volume = "25",
number = "6",
pages = "341 - 346",
year = "1992",
note = "IFAC Symposium on Intelligent Components and Instruments for Control Applications (SICICA'92), Malaga, Spain, 20-22 May 1992",
issn = "1474-6670",
doi = "https://doi.org/10.1016/S1474-6670(17)50928-3",
url = "http://www.sciencedirect.com/science/article/pii/S1474667017509283",
author = "J.L. Villarroel and M. Silva and P.R. Muro-Medrano",
keywords = "Petri nets, Knowledge engineering, Manufacturing processes, Control systems, Software development"
}
@incollection{DZIDA198729,
title = "MASTERING THE COMPLEXITY OF DIALOGUE SYSTEMS BY THE AID OF WORK CONTEXTS",
editor = "H.-J. BULLINGER and B. SHACKEL",
booktitle = "Human–Computer Interaction–INTERACT '87",
publisher = "North-Holland",
address = "Amsterdam",
pages = "29 - 33",
year = "1987",
isbn = "978-0-444-70304-0",
doi = "https://doi.org/10.1016/B978-0-444-70304-0.50015-7",
url = "http://www.sciencedirect.com/science/article/pii/B9780444703040500157",
author = "Wolfgang Dzida and Claus Hoffmann and Wilhelm Valder"
}
@article{TROY1997165,
title = "An approach for developing domain specific CASE tools and its application to manufacturing process control",
journal = "Journal of Systems and Software",
volume = "38",
number = "2",
pages = "165 - 192",
year = "1997",
issn = "0164-1212",
doi = "https://doi.org/10.1016/S0164-1212(96)00120-3",
url = "http://www.sciencedirect.com/science/article/pii/S0164121296001203",
author = "Douglas Troy and Robert McQueen"
}
@article{STEELEVIVAS1996159,
title = "Creating a smart nation: Strategy, policy, intelligence, and information",
journal = "Government Information Quarterly",
volume = "13",
number = "2",
pages = "159 - 173",
year = "1996",
issn = "0740-624X",
doi = "https://doi.org/10.1016/S0740-624X(96)90102-1",
url = "http://www.sciencedirect.com/science/article/pii/S0740624X96901021",
author = "Robert David Steele-Vivas"
}
@article{VANDELDEN2011266,
title = "A methodology for the design and development of integrated models for policy support",
journal = "Environmental Modelling & Software",
volume = "26",
number = "3",
pages = "266 - 279",
year = "2011",
note = "Thematic issue on the assessment and evaluation of environmental models and software",
issn = "1364-8152",
doi = "https://doi.org/10.1016/j.envsoft.2010.03.021",
url = "http://www.sciencedirect.com/science/article/pii/S1364815210000800",
author = "H. van Delden and R. Seppelt and R. White and A.J. Jakeman",
keywords = "Decision Support System (DSS), Model integration, Design and development process, Iterative process, Social learning, Policy support"
}
@incollection{CURTIS1990253,
title = "Chapter 4.1 - The Psychology of Programming in the Large: Team and Organizational Behaviour",
editor = "J.-M. Hoc and T.R.G. Green and R. Samurçay and D.J. Gilmore",
booktitle = "Psychology of Programming",
publisher = "Academic Press",
address = "London",
pages = "253 - 270",
year = "1990",
isbn = "978-0-12-350772-3",
doi = "https://doi.org/10.1016/B978-0-12-350772-3.50021-5",
url = "http://www.sciencedirect.com/science/article/pii/B9780123507723500215",
author = "Bill Curtis and Diane Walz"
}
@article{GREEN2005543,
title = "The impacts of quality and productivity perceptions on the use of software process improvement innovations",
journal = "Information and Software Technology",
volume = "47",
number = "8",
pages = "543 - 553",
year = "2005",
issn = "0950-5849",
doi = "https://doi.org/10.1016/j.infsof.2004.10.004",
url = "http://www.sciencedirect.com/science/article/pii/S095058490400148X",
author = "Gina C. Green and Alan R. Hevner and Rosann Webb Collins",
keywords = "Software process improvement (SPI) Innovations, Personal software process, Software quality, Development productivity"
}
@article{CHARITY1987433,
title = "Use of software engineering techniques in the design of the ALEPH data acquisition system",
journal = "Computer Physics Communications",
volume = "45",
number = "1",
pages = "433 - 441",
year = "1987",
issn = "0010-4655",
doi = "https://doi.org/10.1016/0010-4655(87)90186-X",
url = "http://www.sciencedirect.com/science/article/pii/001046558790186X",
author = "T. Charity and R. McClatchey and J. Harvey"
}
@article{BASTIN20139,
title = "Open-source mapping and services for Web-based land-cover validation",
journal = "Ecological Informatics",
volume = "14",
pages = "9 - 16",
year = "2013",
note = "The analysis and application of spatial ecological data to support the conservation of biodiversity",
issn = "1574-9541",
doi = "https://doi.org/10.1016/j.ecoinf.2012.11.013",
url = "http://www.sciencedirect.com/science/article/pii/S1574954112001239",
author = "L. Bastin and G. Buchanan and A. Beresford and J.-F. Pekel and G. Dubois",
keywords = "Land-cover change, Conservation monitoring, Web Map Services, Protected areas, Open standards, Habitat"
}
@article{XIAO2016157,
title = "Automatic optimal filament segmentation with sub-pixel accuracy using generalized linear models and B-spline level-sets",
journal = "Medical Image Analysis",
volume = "32",
pages = "157 - 172",
year = "2016",
issn = "1361-8415",
doi = "https://doi.org/10.1016/j.media.2016.03.007",
url = "http://www.sciencedirect.com/science/article/pii/S1361841516300068",
author = "Xun Xiao and Veikko F. Geyer and Hugo Bowne-Anderson and Jonathon Howard and Ivo F. Sbalzarini",
keywords = "Filament segmentation, Level set, B-spline, Axoneme, Light microscopy, Microtubule"
}
@article{ZHU2002145,
title = "Software requirements validation via task analysis",
journal = "Journal of Systems and Software",
volume = "61",
number = "2",
pages = "145 - 169",
year = "2002",
issn = "0164-1212",
doi = "https://doi.org/10.1016/S0164-1212(01)00109-1",
url = "http://www.sciencedirect.com/science/article/pii/S0164121201001091",
author = "Hong Zhu and Lingzi Jin and Dan Diaper and Ganghong Bai",
keywords = "Software requirements, Requirements definition, Data flow diagram, State transition diagram, Entity relation diagram, Software testing, Task analysis, Activity list, Test adequacy criteria, Subsume relation, Combination of test criteria, Automatic test case generation"
}
@article{BROUWER200323,
title = "Training a feed-forward network with incomplete data due to missing input variables",
journal = "Applied Soft Computing",
volume = "3",
number = "1",
pages = "23 - 36",
year = "2003",
issn = "1568-4946",
doi = "https://doi.org/10.1016/S1568-4946(03)00003-6",
url = "http://www.sciencedirect.com/science/article/pii/S1568494603000036",
author = "Roelof K. Brouwer and Witold Pedrycz",
keywords = "Feed forward neural networks, Relations, One-to-many mappings, Data segmentation, Clustering, Many-valued functions, Missing inputs, Incomplete training data"
}
@article{COLOSIMO2009433,
title = "Evaluating legacy system migration technologies through empirical studies",
journal = "Information and Software Technology",
volume = "51",
number = "2",
pages = "433 - 447",
year = "2009",
issn = "0950-5849",
doi = "https://doi.org/10.1016/j.infsof.2008.05.012",
url = "http://www.sciencedirect.com/science/article/pii/S0950584908000694",
author = "Massimo Colosimo and Andrea De Lucia and Giuseppe Scanniello and Genoveffa Tortora",
keywords = "Software migration, Empirical studies, Controlled experiments, Case studies, Technology transfer"
}
@article{SCHWARTZ2012169,
title = "Perspectives on the Open Standards for the Practice of Conservation",
journal = "Biological Conservation",
volume = "155",
pages = "169 - 177",
year = "2012",
issn = "0006-3207",
doi = "https://doi.org/10.1016/j.biocon.2012.06.014",
url = "http://www.sciencedirect.com/science/article/pii/S0006320712002832",
author = "Mark W. Schwartz and Kristy Deiner and Tavis Forrester and Patrick Grof-Tisza and Matthew J. Muir and Maria J. Santos and Levi E. Souza and Marit L. Wilkerson and Maxine Zylberberg",
keywords = "Adaptive management, Biodiversity, Conservation management, Decision science, Community of practice, Results-based conservation"
}
@article{AGARWAL1996639,
title = "The role of prior experience and task characteristics in object-oriented modeling: an empirical study",
journal = "International Journal of Human-Computer Studies",
volume = "45",
number = "6",
pages = "639 - 667",
year = "1996",
issn = "1071-5819",
doi = "https://doi.org/10.1006/ijhc.1996.0072",
url = "http://www.sciencedirect.com/science/article/pii/S1071581996900725",
author = "Ritu Agarwal and Atish P. Sinha and Mohan Tanniru"
}
@article{SOI1982711,
title = "On creating a reliable programming environment",
journal = "Microelectronics Reliability",
volume = "22",
number = "4",
pages = "711 - 716",
year = "1982",
issn = "0026-2714",
doi = "https://doi.org/10.1016/S0026-2714(82)80187-X",
url = "http://www.sciencedirect.com/science/article/pii/S002627148280187X",
author = "Inder M. Soi"
}
@article{SAARLOOS200829,
title = "A multi-agent paradigm as structuring principle for planning support systems",
journal = "Computers, Environment and Urban Systems",
volume = "32",
number = "1",
pages = "29 - 40",
year = "2008",
issn = "0198-9715",
doi = "https://doi.org/10.1016/j.compenvurbsys.2007.03.001",
url = "http://www.sciencedirect.com/science/article/pii/S0198971507000166",
author = "Dick J.M. Saarloos and Theo A. Arentze and Aloys W.J. Borgers and Harry J.P. Timmermans",
keywords = "Planning support systems, Multi-agents, Urban plan development"
}
@article{LIU20061552,
title = "An intelligent early warning system for software quality improvement and project management",
journal = "Journal of Systems and Software",
volume = "79",
number = "11",
pages = "1552 - 1564",
year = "2006",
note = "Software Cybernetics",
issn = "0164-1212",
doi = "https://doi.org/10.1016/j.jss.2006.01.024",
url = "http://www.sciencedirect.com/science/article/pii/S0164121206000239",
author = "Xiaoqing (Frank) Liu and Gautam Kane and Monu Bambroo",
keywords = "Early warning, Fuzzy logic, Metrics, Process improvement, Quality management"
}
@article{MAAS2013116,
title = "Using pattern recognition to automatically localize reflection hyperbolas in data from ground penetrating radar",
journal = "Computers & Geosciences",
volume = "58",
pages = "116 - 125",
year = "2013",
issn = "0098-3004",
doi = "https://doi.org/10.1016/j.cageo.2013.04.012",
url = "http://www.sciencedirect.com/science/article/pii/S009830041300112X",
author = "Christian Maas and Jörg Schmalzl",
keywords = "Reflection hyperbola, Haartraining, OpenCV, GPR, Adaboost, Viola–Jones"
}
@article{BOUHOULA1996245,
title = "Using induction and rewriting to verify and complete parameterized specifications",
journal = "Theoretical Computer Science",
volume = "170",
number = "1",
pages = "245 - 276",
year = "1996",
issn = "0304-3975",
doi = "https://doi.org/10.1016/S0304-3975(96)80708-0",
url = "http://www.sciencedirect.com/science/article/pii/S0304397596807080",
author = "Adel Bouhoula",
keywords = "Theorem proving, Sufficient completeness, Implicit induction, Parameterized conditional specifications, Term rewriting systems"
}
@article{JOPKE1992123,
title = "Functional Specification of Vital Computer Software for HIHG-Speed Maglev Systems",
journal = "IFAC Proceedings Volumes",
volume = "25",
number = "30",
pages = "123 - 128",
year = "1992",
note = "IFAC Symposium on Safety of Computer Control Systems (SAFECOMP'92), Zürich, Switzerland, 28-30 October 1992",
issn = "1474-6670",
doi = "https://doi.org/10.1016/S1474-6670(17)49418-3",
url = "http://www.sciencedirect.com/science/article/pii/S1474667017494183",
author = "K. Jopke and R. Knigge and E. Schnieder",
keywords = "Control system design, Describing functions, Real time computer systems, Safety proof, Software engineering, System analysis, Train control and protection"
}
@incollection{DUTTA2005395,
title = "Chapter 14 - MPSoCs for Video",
editor = "Ahmed Amine Jerraya and Wayne Wolf",
booktitle = "Multiprocessor Systems-on-Chips",
publisher = "Morgan Kaufmann",
address = "San Francisco",
pages = "395 - 430",
year = "2005",
series = "Systems on Silicon",
issn = "18759661",
doi = "https://doi.org/10.1016/B978-012385251-9/50030-X",
url = "http://www.sciencedirect.com/science/article/pii/B978012385251950030X",
author = "Santanu Dutta and Jens Rennert and Tiehan Lv and Jiang Xu and Shengqi Yang and Wayne Wolf"
}
@article{WUYTS200525,
title = "A data-centric approach to composing embedded, real-time software components",
journal = "Journal of Systems and Software",
volume = "74",
number = "1",
pages = "25 - 34",
year = "2005",
note = "Automated Component-Based Software Engineering",
issn = "0164-1212",
doi = "https://doi.org/10.1016/j.jss.2003.05.004",
url = "http://www.sciencedirect.com/science/article/pii/S0164121203003182",
author = "Roel Wuyts and Stéphane Ducasse and Oscar Nierstrasz"
}
@article{DECASTRO201187,
title = "Applying CIM-to-PIM model transformations for the service-oriented development of information systems",
journal = "Information and Software Technology",
volume = "53",
number = "1",
pages = "87 - 105",
year = "2011",
issn = "0950-5849",
doi = "https://doi.org/10.1016/j.infsof.2010.09.002",
url = "http://www.sciencedirect.com/science/article/pii/S0950584910001588",
author = "Valeria De Castro and Esperanza Marcos and Juan Manuel Vara",
keywords = "Service-oriented engineering, Model-driven development, Business models, Information systems, Model transformations"
}
@incollection{FOSTER2005263,
title = "Chapter 7 - Writing Exploits II",
editor = "James C. Foster and Vincent Liu",
booktitle = "Writing Security Tools and Exploits",
publisher = "Syngress",
address = "Burlington",
pages = "263 - 318",
year = "2005",
isbn = "978-1-59749-997-2",
doi = "https://doi.org/10.1016/B978-159749997-2/50009-1",
url = "http://www.sciencedirect.com/science/article/pii/B9781597499972500091",
author = "James C. Foster and Vincent Liu"
}
@article{VANDEWIELE2012526,
title = "Genesys: Kinetic model construction using chemo-informatics",
journal = "Chemical Engineering Journal",
volume = "207-208",
pages = "526 - 538",
year = "2012",
note = "22nd International Symposium on Chemical Reaction Engineering (ISCRE 22)",
issn = "1385-8947",
doi = "https://doi.org/10.1016/j.cej.2012.07.014",
url = "http://www.sciencedirect.com/science/article/pii/S1385894712009059",
author = "Nick M. Vandewiele and Kevin M. Van Geem and Marie-Françoise Reyniers and Guy B. Marin",
keywords = "Kinetic model, Reaction network generation, Chemo-informatics"
}
@article{TURK2016274,
title = "Ten questions concerning building information modelling",
journal = "Building and Environment",
volume = "107",
pages = "274 - 284",
year = "2016",
issn = "0360-1323",
doi = "https://doi.org/10.1016/j.buildenv.2016.08.001",
url = "http://www.sciencedirect.com/science/article/pii/S036013231630292X",
author = "Žiga Turk",
keywords = "Building information modelling, BIM, Building information management, Automation in construction, Computer integrated construction"
}
@article{ZHANG1994225,
title = "Application of FBOLES—a prototype expert system for fault diagnosis in nuclear power plants",
journal = "Reliability Engineering & System Safety",
volume = "44",
number = "3",
pages = "225 - 235",
year = "1994",
note = "Special Issue On Advanced Computer Applications",
issn = "0951-8320",
doi = "https://doi.org/10.1016/0951-8320(94)90015-9",
url = "http://www.sciencedirect.com/science/article/pii/0951832094900159",
author = "Qin Zhang and Xuegao An and Jin Gu and Binquan Zhao and Dazhi Xu and Shuren Xi"
}
@article{WEHRUM1986271,
title = "On some key features of Ada®®Ada is a registered trademark of the US Government (Ada Joint Program Office).: Language and programming environment",
journal = "Computer Physics Communications",
volume = "41",
number = "2",
pages = "271 - 283",
year = "1986",
issn = "0010-4655",
doi = "https://doi.org/10.1016/0010-4655(86)90070-6",
url = "http://www.sciencedirect.com/science/article/pii/0010465586900706",
author = "R.P. Wehrum and W. Hoyer and G. Dieβl"
}
@article{HSU20117291,
title = "MACs: Mining API code snippets for code reuse",
journal = "Expert Systems with Applications",
volume = "38",
number = "6",
pages = "7291 - 7301",
year = "2011",
issn = "0957-4174",
doi = "https://doi.org/10.1016/j.eswa.2010.12.021",
url = "http://www.sciencedirect.com/science/article/pii/S0957417410013849",
author = "Sheng-Kuei Hsu and Shi-Jen Lin",
keywords = "Mining software repositories, API usage pattern, Code reuse"
}
@article{IRIBARREN201728,
title = "Scoping review and evaluation of SMS/text messaging platforms for mHealth projects or clinical interventions",
journal = "International Journal of Medical Informatics",
volume = "101",
pages = "28 - 40",
year = "2017",
issn = "1386-5056",
doi = "https://doi.org/10.1016/j.ijmedinf.2017.01.017",
url = "http://www.sciencedirect.com/science/article/pii/S138650561730028X",
author = "Sarah J. Iribarren and William Brown and Rebecca Giguere and Patricia Stone and Rebecca Schnall and Nancy Staggers and Alex Carballo-Diéguez",
keywords = "Text messaging, Mobile health, mHealth, Short message service, SMS, Review"
}
@article{HUANG2008898,
title = "Integration of the grey relational analysis with genetic algorithm for software effort estimation",
journal = "European Journal of Operational Research",
volume = "188",
number = "3",
pages = "898 - 909",
year = "2008",
issn = "0377-2217",
doi = "https://doi.org/10.1016/j.ejor.2007.07.002",
url = "http://www.sciencedirect.com/science/article/pii/S0377221707006418",
author = "Sun-Jen Huang and Nan-Hsing Chiu and Li-Wei Chen",
keywords = "Project management, Software effort estimation, Grey relational analysis, Genetic algorithm"
}
@article{MOSCIRISKI19911221,
title = "Predal - A Package for Computer Aided Adaptive Control Systems Design, Analysis and Teaching",
journal = "IFAC Proceedings Volumes",
volume = "24",
number = "3",
pages = "1221 - 1225",
year = "1991",
note = "9th IFAC/IFORS Symposium on Identification and System Parameter Estimation 1991, Budapest, Hungary, 8-12 July 1991",
issn = "1474-6670",
doi = "https://doi.org/10.1016/S1474-6670(17)52517-3",
url = "http://www.sciencedirect.com/science/article/pii/S1474667017525173",
author = "J. Mościríski and A. Niederliński",
keywords = "Adaptive control, computer control, simulation, expert systems, identification, software development"
}
@article{WINTER201454,
title = "Identifying organizational barriers—A case study of usability work when developing software in the automation industry",
journal = "Journal of Systems and Software",
volume = "88",
pages = "54 - 73",
year = "2014",
issn = "0164-1212",
doi = "https://doi.org/10.1016/j.jss.2013.09.019",
url = "http://www.sciencedirect.com/science/article/pii/S0164121213002343",
author = "Jeff Winter and Kari Rönkkö and Mikko Rissanen",
keywords = "Usability, KPI, Human computer interaction, User centred design, Wicked problem"
}
@incollection{KUMIEGA2008183,
title = "20 - Plan and Document Technology Specifications",
editor = "Andrew Kumiega and Benjamin Van Vliet",
booktitle = "Quality Money Management",
publisher = "Academic Press",
address = "Burlington",
pages = "183 - 191",
year = "2008",
series = "Financial Market Technology",
isbn = "978-0-12-372549-3",
doi = "https://doi.org/10.1016/B978-0-12-372549-3.00020-3",
url = "http://www.sciencedirect.com/science/article/pii/B9780123725493000203",
author = "Andrew Kumiega and Benjamin Van Vliet"
}
@article{MOLEROARMENTA20142683,
title = "Optimized OpenCL implementation of the Elastodynamic Finite Integration Technique for viscoelastic media",
journal = "Computer Physics Communications",
volume = "185",
number = "10",
pages = "2683 - 2696",
year = "2014",
issn = "0010-4655",
doi = "https://doi.org/10.1016/j.cpc.2014.05.016",
url = "http://www.sciencedirect.com/science/article/pii/S0010465514001702",
author = "M. Molero-Armenta and Ursula Iturrarán-Viveros and S. Aparicio and M.G. Hernández",
keywords = "EFIT, Kelvin–Voigt, GPUs, PyOpenCL, OpenCL"
}
@article{GRIES199161,
title = "Improving the curriculum through the teaching of calculation and discrimination",
journal = "Education and Computing",
volume = "7",
number = "1",
pages = "61 - 72",
year = "1991",
issn = "0167-9287",
doi = "https://doi.org/10.1016/S0167-9287(05)80082-2",
url = "http://www.sciencedirect.com/science/article/pii/S0167928705800822",
author = "David Gries",
keywords = "teaching logic, computer science education, programming methodology, software engineering"
}
@article{WALEKOLADE201554,
title = "Integrating usability work into a large inter-organisational agile development project: Tactics developed by usability designers",
journal = "Journal of Systems and Software",
volume = "100",
pages = "54 - 66",
year = "2015",
issn = "0164-1212",
doi = "https://doi.org/10.1016/j.jss.2014.10.036",
url = "http://www.sciencedirect.com/science/article/pii/S0164121214002337",
author = "Adeola Yetunde Wale-Kolade",
keywords = "Usability, Agile software development, Tactics"
}
@article{PREECE1998161,
title = "Structure-based validation of rule-based systems",
journal = "Data & Knowledge Engineering",
volume = "26",
number = "2",
pages = "161 - 189",
year = "1998",
issn = "0169-023X",
doi = "https://doi.org/10.1016/S0169-023X(97)00019-0",
url = "http://www.sciencedirect.com/science/article/pii/S0169023X97000190",
author = "A.D. Preece and C. Grossner and P.G. Chander and T. Radhakrishnan",
keywords = "Knowledge-based systems, Rule-based systems, Software engineering, Structural analysis, Testing, Validation tools"
}
@article{DUFTSCHMID200123,
title = "Knowledge-based verification of clinical guidelines by detection of anomalies",
journal = "Artificial Intelligence in Medicine",
volume = "22",
number = "1",
pages = "23 - 41",
year = "2001",
note = "Workflow Management and Clinical Guidelines",
issn = "0933-3657",
doi = "https://doi.org/10.1016/S0933-3657(00)00098-1",
url = "http://www.sciencedirect.com/science/article/pii/S0933365700000981",
author = "G Duftschmid and S Miksch",
keywords = "Clinical guidelines and protocols, Verification, Medical plan management"
}
@article{MINOCHA2016582,
title = "3D CFD simulations to study the effect of inclination of condenser tube on natural convection and thermal stratification in a passive decay heat removal system",
journal = "Nuclear Engineering and Design",
volume = "305",
pages = "582 - 603",
year = "2016",
issn = "0029-5493",
doi = "https://doi.org/10.1016/j.nucengdes.2016.06.020",
url = "http://www.sciencedirect.com/science/article/pii/S0029549316301807",
author = "Nitin Minocha and Jyeshtharaj B. Joshi and Arun K. Nayak and Pallippattu K. Vijayan"
}
@article{DIMARTINO201690,
title = "Web Effort Estimation: Function Point Analysis vs. COSMIC",
journal = "Information and Software Technology",
volume = "72",
pages = "90 - 109",
year = "2016",
issn = "0950-5849",
doi = "https://doi.org/10.1016/j.infsof.2015.12.001",
url = "http://www.sciencedirect.com/science/article/pii/S0950584915002037",
author = "Sergio Di Martino and Filomena Ferrucci and Carmine Gravino and Federica Sarro",
keywords = "Web Effort Estimation, Functional Size Measures, COSMIC, IFPUG Function Point Analysis"
}
@article{AHERN200637,
title = "The effect of social grounding on collaboration in a computer-mediated small group discussion",
journal = "The Internet and Higher Education",
volume = "9",
number = "1",
pages = "37 - 46",
year = "2006",
issn = "1096-7516",
doi = "https://doi.org/10.1016/j.iheduc.2005.09.008",
url = "http://www.sciencedirect.com/science/article/pii/S1096751605000801",
author = "Terence C. Ahern and Julie A. Thomas and Mary K. Tallent-Runnels and William Y. Lan and Sandra Cooper and Xiaoming Lu and Jacqui Cyrus",
keywords = "Computer-mediated communication, Threaded discussion, Social coherence, Software engineering"
}
@article{RODRIGUEZ2012562,
title = "Empirical findings on team size and productivity in software development",
journal = "Journal of Systems and Software",
volume = "85",
number = "3",
pages = "562 - 570",
year = "2012",
note = "Novel approaches in the design and implementation of systems/software architecture",
issn = "0164-1212",
doi = "https://doi.org/10.1016/j.jss.2011.09.009",
url = "http://www.sciencedirect.com/science/article/pii/S0164121211002366",
author = "D. Rodríguez and M.A. Sicilia and E. García and R. Harrison",
keywords = "Team size, Productivity, Effort estimation datasets, ISBSG repository"
}
@article{AZHARI20121472,
title = "Overload control in SIP networks using no explicit feedback: A window based approach",
journal = "Computer Communications",
volume = "35",
number = "12",
pages = "1472 - 1483",
year = "2012",
issn = "0140-3664",
doi = "https://doi.org/10.1016/j.comcom.2012.04.013",
url = "http://www.sciencedirect.com/science/article/pii/S0140366412001260",
author = "Seyed Vahid Azhari and Maryam Homayouni and Hani Nemati and Javad Enayatizadeh and Ahmad Akbari",
keywords = "SIP, Overload control, Window based, Fairness"
}