@article{KOTLARSKY200896,
title = "Developing a knowledge-based perspective on coordination: The case of global software projects",
journal = "Information & Management",
volume = "45",
number = "2",
pages = "96 - 108",
year = "2008",
issn = "0378-7206",
doi = "https://doi.org/10.1016/j.im.2008.01.001",
url = "http://www.sciencedirect.com/science/article/pii/S0378720608000037",
author = "Julia Kotlarsky and Paul C. van Fenema and Leslie P. Willcocks",
keywords = "Knowledge management, Knowledge flows, Coordination, Coordination mechanisms, Global software projects, Software development"
}
@article{BINCZYK2017235,
title = "MiMSeg - an algorithm for automated detection of tumor tissue on NMR apparent diffusion coefficient maps.",
journal = "Information Sciences",
volume = "384",
pages = "235 - 248",
year = "2017",
issn = "0020-0255",
doi = "https://doi.org/10.1016/j.ins.2016.07.052",
url = "http://www.sciencedirect.com/science/article/pii/S0020025516305345",
author = "Franciszek Binczyk and Bram Stjelties and Christian Weber and Michael Goetz and Klaus Meier-Hein and Hans-Peter Meinzer and Barbara Bobek-Billewicz and Rafal Tarnawski and Joanna Polanska",
keywords = "Brain tumor segmentation, Diffusion weighted imaging, Gaussian mixture model, k-means clustering"
}
@article{BARUA1993533,
title = "EXSHOF: An artificial intelligence approach to high-order filter synthesis",
journal = "Engineering Applications of Artificial Intelligence",
volume = "6",
number = "6",
pages = "533 - 547",
year = "1993",
issn = "0952-1976",
doi = "https://doi.org/10.1016/0952-1976(93)90050-8",
url = "http://www.sciencedirect.com/science/article/pii/0952197693900508",
author = "Alok Barua and Kedar A. Choudhary",
keywords = "Artificial intelligence, expert system, knowledge engineering, software engineering, active filter, network synthesis, circuit, system"
}
@article{MUELLER2014250,
title = "The Psychology Experiment Building Language (PEBL) and PEBL Test Battery",
journal = "Journal of Neuroscience Methods",
volume = "222",
pages = "250 - 259",
year = "2014",
issn = "0165-0270",
doi = "https://doi.org/10.1016/j.jneumeth.2013.10.024",
url = "http://www.sciencedirect.com/science/article/pii/S0165027013003762",
author = "Shane T. Mueller and Brian J. Piper",
keywords = "Open science, Iowa Gambling Task, Wisconsin Card Sorting Test, Continuous Performance Test, Trail-making Test, Executive function, Mental rotation, Motor learning"
}
@article{GRANT2017345,
title = "Modelling improvised explosive device attacks in the West – Assessing the hazard",
journal = "Reliability Engineering & System Safety",
volume = "165",
pages = "345 - 354",
year = "2017",
issn = "0951-8320",
doi = "https://doi.org/10.1016/j.ress.2017.04.007",
url = "http://www.sciencedirect.com/science/article/pii/S0951832016302745",
author = "Matthew J. Grant and Mark G. Stewart"
}
@article{POELMANS20128115,
title = "An iterative requirements engineering framework based on Formal Concept Analysis and C–K theory",
journal = "Expert Systems with Applications",
volume = "39",
number = "9",
pages = "8115 - 8135",
year = "2012",
issn = "0957-4174",
doi = "https://doi.org/10.1016/j.eswa.2012.01.154",
url = "http://www.sciencedirect.com/science/article/pii/S0957417412001741",
author = "Jonas Poelmans and Guido Dedene and Monique Snoeck and Stijn Viaene",
keywords = "Software engineering, FCA, Expert system"
}
@article{SEMEDO2015697,
title = "Computerised Lung Auscultation – Sound Software (CLASS)",
journal = "Procedia Computer Science",
volume = "64",
pages = "697 - 704",
year = "2015",
note = "Conference on ENTERprise Information Systems/International Conference on Project MANagement/Conference on Health and Social Care Information Systems and Technologies, CENTERIS/ProjMAN / HCist 2015 October 7-9, 2015",
issn = "1877-0509",
doi = "https://doi.org/10.1016/j.procs.2015.08.589",
url = "http://www.sciencedirect.com/science/article/pii/S1877050915027246",
author = "José Semedo and Ana Oliveira and Ana Machado and José Moreira and João Rodrigues and José Aparício and Hans Pasterkamp and Luis M.T. Jesus and Alda Marques",
keywords = "Respiratory sounds analysis, Computer-assisted learning, Application, Usability, Health, Lung Auscultation."
}
@article{KAUR2015500,
title = "Classification and Prediction Based Data Mining Algorithms to Predict Slow Learners in Education Sector",
journal = "Procedia Computer Science",
volume = "57",
pages = "500 - 508",
year = "2015",
note = "3rd International Conference on Recent Trends in Computing 2015 (ICRTC-2015)",
issn = "1877-0509",
doi = "https://doi.org/10.1016/j.procs.2015.07.372",
url = "http://www.sciencedirect.com/science/article/pii/S1877050915019018",
author = "Parneet Kaur and Manpreet Singh and Gurpreet Singh Josan",
keywords = "Educational Data Mining, Knowledge Discovery, Classification, Attribute Evaluator."
}
@article{HOEGL2007148,
title = "Creativity in innovative projects: How teamwork matters",
journal = "Journal of Engineering and Technology Management",
volume = "24",
number = "1",
pages = "148 - 166",
year = "2007",
note = "Research on Corporate Radical Innovation Systems - A Dynamic Capabilities Perspective",
issn = "0923-4748",
doi = "https://doi.org/10.1016/j.jengtecman.2007.01.008",
url = "http://www.sciencedirect.com/science/article/pii/S0923474807000094",
author = "Martin Hoegl and K. Praveen Parboteeah",
keywords = "Creativity, Teamwork, Innovation"
}
@article{ALKHATIB199583,
title = "An empirical study of skills assessment for software practitioners",
journal = "Information Sciences - Applications",
volume = "4",
number = "2",
pages = "83 - 118",
year = "1995",
issn = "1069-0115",
doi = "https://doi.org/10.1016/1069-0115(95)90014-4",
url = "http://www.sciencedirect.com/science/article/pii/1069011595900144",
author = "Wasfi G. Al-Khatib and Omran Bukhres and Patricia Douglas"
}
@article{MAYAUD20141,
title = "An open-source software for automatic calculation of respiratory parameters based on esophageal pressure",
journal = "Respiratory Physiology & Neurobiology",
volume = "192",
pages = "1 - 6",
year = "2014",
issn = "1569-9048",
doi = "https://doi.org/10.1016/j.resp.2013.11.007",
url = "http://www.sciencedirect.com/science/article/pii/S1569904813003832",
author = "Louis Mayaud and Michèle Lejaille and Hélène Prigent and Bruno Louis and Brigitte Fauroux and Frédéric Lofaso",
keywords = "Acute respiratory failure, Respiratory function, Esophageal pressure, Pressure time product, PEEPi"
}
@incollection{MARINESCU2018365,
title = "Chapter 10 - Cloud Resource Virtualization",
editor = "Dan C. Marinescu",
booktitle = "Cloud Computing (Second Edition)",
publisher = "Morgan Kaufmann",
edition = "Second Edition",
pages = "365 - 402",
year = "2018",
isbn = "978-0-12-812810-7",
doi = "https://doi.org/10.1016/B978-0-12-812810-7.00013-3",
url = "http://www.sciencedirect.com/science/article/pii/B9780128128107000133",
author = "Dan C. Marinescu",
keywords = "Hypervisor, Hypercalls, Virtual machine, Virtual Machine Control Structure (VMCS), Address space compression, Interrupt virtualization, Virtual-Machine Based Rootkit (VMBR), Zero-copy semantics"
}
@article{VASENEV2014297,
title = "An information fusion approach for filtering GNSS data sets collected during construction operations",
journal = "Advanced Engineering Informatics",
volume = "28",
number = "4",
pages = "297 - 310",
year = "2014",
issn = "1474-0346",
doi = "https://doi.org/10.1016/j.aei.2014.07.001",
url = "http://www.sciencedirect.com/science/article/pii/S1474034614000469",
author = "A. Vasenev and N. Pradhananga and F.R. Bijleveld and D. Ionita and T. Hartmann and J. Teizer and A.G. Dorée",
keywords = "Construction equipment, Error filtering, Information fusion, GNSS, GPS, Trajectory"
}
@incollection{EITOBRUN2018117,
title = "Chapter 4 - Databases for XML Data",
editor = "Ricardo Eito-Brun",
booktitle = "XML-based Content Management",
publisher = "Chandos Publishing",
pages = "117 - 153",
year = "2018",
isbn = "978-0-08-100204-9",
doi = "https://doi.org/10.1016/B978-0-08-100204-9.00004-4",
url = "http://www.sciencedirect.com/science/article/pii/B9780081002049000044",
author = "Ricardo Eito-Brun",
keywords = "XML databases, Solr, XML indexing tools, Native databases"
}
@incollection{SCHLAGER2017217,
title = "Chapter 9 - Morpho and Rvcg – Shape Analysis in R: R-Packages for Geometric Morphometrics, Shape Analysis and Surface Manipulations",
editor = "Guoyan Zheng and Shuo Li and Gabor Székely",
booktitle = "Statistical Shape and Deformation Analysis",
publisher = "Academic Press",
pages = "217 - 256",
year = "2017",
isbn = "978-0-12-810493-4",
doi = "https://doi.org/10.1016/B978-0-12-810493-4.00011-0",
url = "http://www.sciencedirect.com/science/article/pii/B9780128104934000110",
author = "Stefan Schlager",
keywords = "Geometric morphometrics, Statistical shape analysis, R, Visualization, Surface registration, Semi-landmarks, Outlier detection, Classification, Triangular mesh manipulations"
}
@article{POPESCU20171755,
title = "HASKER: An efficient algorithm for string kernels. Application to polarity classification in various languages",
journal = "Procedia Computer Science",
volume = "112",
pages = "1755 - 1763",
year = "2017",
note = "Knowledge-Based and Intelligent Information & Engineering Systems: Proceedings of the 21st International Conference, KES-20176-8 September 2017, Marseille, France",
issn = "1877-0509",
doi = "https://doi.org/10.1016/j.procs.2017.08.207",
url = "http://www.sciencedirect.com/science/article/pii/S1877050917316034",
author = "Marius Popescu and Cristian Grozea and Radu Tudor Ionescu",
keywords = "string kernels, blended specturm kernel, intersection kernel, kernel methods, similarity-based learning, polarity classification, opining mining, sentiment analysis, string kernels tool, open-source code"
}
@article{MANSOOR2015423,
title = "MOMM: Multi-objective model merging",
journal = "Journal of Systems and Software",
volume = "103",
pages = "423 - 439",
year = "2015",
issn = "0164-1212",
doi = "https://doi.org/10.1016/j.jss.2014.11.043",
url = "http://www.sciencedirect.com/science/article/pii/S016412121400274X",
author = "Usman Mansoor and Marouane Kessentini and Philip Langer and Manuel Wimmer and Slim Bechikh and Kalyanmoy Deb",
keywords = "Search-based software engineering, Merging, Multi-objective optimization"
}
@article{MESO200615,
title = "The knowledge management efficacy of matching information systems development methodologies with application characteristics—an experimental study",
journal = "Journal of Systems and Software",
volume = "79",
number = "1",
pages = "15 - 28",
year = "2006",
issn = "0164-1212",
doi = "https://doi.org/10.1016/j.jss.2004.11.002",
url = "http://www.sciencedirect.com/science/article/pii/S0164121204002250",
author = "Peter Meso and Gregory Madey and Marvin D. Troutt and Jens Liegle",
keywords = "Knowledge management, Knowledge work, Software engineering, Systems design, Hypermedia"
}
@article{SUSSEX199115,
title = "Author languages, authoring systems and their relation to the changing focus of computer-aided language learning",
journal = "System",
volume = "19",
number = "1",
pages = "15 - 27",
year = "1991",
issn = "0346-251X",
doi = "https://doi.org/10.1016/0346-251X(91)90004-9",
url = "http://www.sciencedirect.com/science/article/pii/0346251X91900049",
author = "Roland Sussex"
}
@article{PEPPER200291,
title = "From program languages to software languages",
journal = "Journal of Systems and Software",
volume = "60",
number = "2",
pages = "91 - 101",
year = "2002",
note = "Artificial and Computational Intelligence for Decisions, Control, and Automation in Engineering and Industrial Applications",
issn = "0164-1212",
doi = "https://doi.org/10.1016/S0164-1212(01)00082-6",
url = "http://www.sciencedirect.com/science/article/pii/S0164121201000826",
author = "P. Pepper and M. Cebulla and K. Didrich and W. Grieskamp",
keywords = "Software engineering, Programming languages, Language integration, Specification, Embedded systems"
}
@article{JAVDANIGANDOMANI2015295,
title = "The impact of inadequate and dysfunctional training on Agile transformation process: A Grounded Theory study",
journal = "Information and Software Technology",
volume = "57",
pages = "295 - 309",
year = "2015",
issn = "0950-5849",
doi = "https://doi.org/10.1016/j.infsof.2014.05.011",
url = "http://www.sciencedirect.com/science/article/pii/S0950584914001281",
author = "Taghi Javdani Gandomani and Hazura Zulzalil and Abdul Azim Abdul Ghani and Abu Bakar Md. Sultan and Reza Meimandi Parizi",
keywords = "Agile software development, Agile transformation process, Agile training, Agile transition, Grounded Theory"
}
@article{LANGRIDGE2014189,
title = "Key lessons for incorporating natural infrastructure into regional climate adaptation planning",
journal = "Ocean & Coastal Management",
volume = "95",
pages = "189 - 197",
year = "2014",
issn = "0964-5691",
doi = "https://doi.org/10.1016/j.ocecoaman.2014.03.019",
url = "http://www.sciencedirect.com/science/article/pii/S0964569114000854",
author = "Suzanne M. Langridge and Eric H. Hartge and Ross Clark and Katie Arkema and Gregory M. Verutes and Erin E. Prahler and Sarah Stoner-Duncan and David L. Revell and Margaret R. Caldwell and Anne D. Guerry and Mary Ruckelshaus and Adina Abeles and Chris Coburn and Kevin O'Connor"
}
@article{EVANS2017182,
title = "A multi-measure approach for connecting cognitive workload and automation",
journal = "International Journal of Human-Computer Studies",
volume = "97",
pages = "182 - 189",
year = "2017",
issn = "1071-5819",
doi = "https://doi.org/10.1016/j.ijhcs.2016.05.008",
url = "http://www.sciencedirect.com/science/article/pii/S1071581916300623",
author = "Dakota C. Evans and Mary Fendley",
keywords = "Human-computer interaction, Cognitive workload, Automation, Physiology, Visual physiology"
}
@article{BONFE201410213,
title = "Distributed Control Architecture for Automated Surgical Task Execution with Coordinated Robot Arms",
journal = "IFAC Proceedings Volumes",
volume = "47",
number = "3",
pages = "10213 - 10218",
year = "2014",
note = "19th IFAC World Congress",
issn = "1474-6670",
doi = "https://doi.org/10.3182/20140824-6-ZA-1003.01330",
url = "http://www.sciencedirect.com/science/article/pii/S1474667016432349",
author = "Marcello Bonfè and Nicola Preda and Cristian Secchi and Federica Ferraguti and Riccardo Muradore and Luisa Repele and Giovanni Lorenzi and Paolo Fiorini",
keywords = "Teleoperation, Finite State Machine, UML, Force Control"
}
@article{BLEKA201635,
title = "EuroForMix: An open source software based on a continuous model to evaluate STR DNA profiles from a mixture of contributors with artefacts",
journal = "Forensic Science International: Genetics",
volume = "21",
pages = "35 - 44",
year = "2016",
issn = "1872-4973",
doi = "https://doi.org/10.1016/j.fsigen.2015.11.008",
url = "http://www.sciencedirect.com/science/article/pii/S1872497315300946",
author = "Øyvind Bleka and Geir Storvik and Peter Gill",
keywords = "Forensic statistics, STR DNA interpretation, Open-source software"
}
@article{MORA201673,
title = "Impacts of electronic process guides by types of user: An experimental study",
journal = "International Journal of Information Management",
volume = "36",
number = "1",
pages = "73 - 88",
year = "2016",
issn = "0268-4012",
doi = "https://doi.org/10.1016/j.ijinfomgt.2015.10.001",
url = "http://www.sciencedirect.com/science/article/pii/S0268401215000973",
author = "Manuel Mora and Rory V. O′Connor and Mahesh Rainsinghani and Ovsei Gelman",
keywords = "Electronic Process Guide (EPG), CMMI-SVC, IT Service Management (ITSM), Process-oriented intensive IT areas, Experimental research, Repeated-measures design"
}
@article{JABER20161,
title = "An empirical study on the effect of 3D visualization for project tasks and resources",
journal = "Journal of Systems and Software",
volume = "115",
pages = "1 - 17",
year = "2016",
issn = "0164-1212",
doi = "https://doi.org/10.1016/j.jss.2016.01.011",
url = "http://www.sciencedirect.com/science/article/pii/S016412121600008X",
author = "Khaled Jaber and Bonita Sharif and Chang Liu",
keywords = "Project management, Software visualization, Empirical study"
}
@article{FOUGERES201819,
title = "Intelligent agents for feature modelling in computer aided design",
journal = "Journal of Computational Design and Engineering",
volume = "5",
number = "1",
pages = "19 - 40",
year = "2018",
issn = "2288-4300",
doi = "https://doi.org/10.1016/j.jcde.2017.11.001",
url = "http://www.sciencedirect.com/science/article/pii/S2288430017300520",
author = "Alain-Jérôme Fougères and Egon Ostrosi",
keywords = "CAD modelling, Intelligent features, Feature recognition, Geometric knowledge, Intelligent agents, Emerged agent"
}
@article{RAZA201740,
title = "SecureSense: End-to-end secure communication architecture for the cloud-connected Internet of Things",
journal = "Future Generation Computer Systems",
volume = "77",
pages = "40 - 51",
year = "2017",
issn = "0167-739X",
doi = "https://doi.org/10.1016/j.future.2017.06.008",
url = "http://www.sciencedirect.com/science/article/pii/S0167739X17312360",
author = "Shahid Raza and Tómas Helgason and Panos Papadimitratos and Thiemo Voigt",
keywords = "Security, Internet of Things, IoT, CoAP, DTLS, Cloud"
}
@article{BIELLI1994247,
title = "Expert Control Approach to Integrated Urban Traffic Management Systems",
journal = "IFAC Proceedings Volumes",
volume = "27",
number = "12",
pages = "247 - 252",
year = "1994",
note = "IFAC Symposium on Transportation Systems: Theory and Application of Advanced Technology, Tianjin, PRC, 24-26 August",
issn = "1474-6670",
doi = "https://doi.org/10.1016/S1474-6670(17)47477-5",
url = "http://www.sciencedirect.com/science/article/pii/S1474667017474775",
author = "M. Bielli and M. Gastaldi",
keywords = "Expert systems, traffic control, artificial intelligence, performance evaluation, software development"
}
@article{DOROSHENKO2005679,
title = "Retargetable code generation for application-specific processors",
journal = "Future Generation Computer Systems",
volume = "21",
number = "5",
pages = "679 - 685",
year = "2005",
note = "Parallel computing technologies",
issn = "0167-739X",
doi = "https://doi.org/10.1016/j.future.2004.05.008",
url = "http://www.sciencedirect.com/science/article/pii/S0167739X04000792",
author = "A. Doroshenko and D. Ragozin",
keywords = "Instruction level parallelism, Retargetable compiler, DSP, VLIW, Processor architecture"
}
@article{PEDRYCZ2011739,
title = "A model of job satisfaction for collaborative development processes",
journal = "Journal of Systems and Software",
volume = "84",
number = "5",
pages = "739 - 752",
year = "2011",
issn = "0164-1212",
doi = "https://doi.org/10.1016/j.jss.2010.12.018",
url = "http://www.sciencedirect.com/science/article/pii/S0164121210003407",
author = "Witold Pedrycz and Barbara Russo and Giancarlo Succi",
keywords = "Job satisfaction, Pair programming, Log linear model"
}
@article{OSBORNE2013265,
title = "The 21st century challenge for science education: Assessing scientific reasoning",
journal = "Thinking Skills and Creativity",
volume = "10",
pages = "265 - 279",
year = "2013",
issn = "1871-1871",
doi = "https://doi.org/10.1016/j.tsc.2013.07.006",
url = "http://www.sciencedirect.com/science/article/pii/S1871187113000503",
author = "Jonathan Osborne",
keywords = "Scientific reasoning, Assessment, Higher order thinking, School science"
}
@article{COLLINS20081165,
title = "The impacts of function extraction technology on program comprehension: A controlled experiment",
journal = "Information and Software Technology",
volume = "50",
number = "11",
pages = "1165 - 1179",
year = "2008",
issn = "0950-5849",
doi = "https://doi.org/10.1016/j.infsof.2008.04.001",
url = "http://www.sciencedirect.com/science/article/pii/S0950584908000530",
author = "Rosann Webb Collins and Alan R. Hevner and Gwendolyn H. Walton and Richard C. Linger",
keywords = "Program comprehension, Behavior understanding, Knowledge workers, Software development, Function extraction"
}
@article{AVRITZER20101881,
title = "Coordination implications of software architecture in a global software development project",
journal = "Journal of Systems and Software",
volume = "83",
number = "10",
pages = "1881 - 1895",
year = "2010",
issn = "0164-1212",
doi = "https://doi.org/10.1016/j.jss.2010.05.070",
url = "http://www.sciencedirect.com/science/article/pii/S0164121210001330",
author = "Alberto Avritzer and Daniel Paulish and Yuanfang Cai and Kanwarpreet Sethi",
keywords = "Architecture analysis, Design structure matrix, Global software development"
}
@article{ACIKGOZ2015502,
title = "Climate and Problem Solving in Software Development Teams",
journal = "Procedia - Social and Behavioral Sciences",
volume = "207",
pages = "502 - 511",
year = "2015",
note = "11th International Strategic Management Conference",
issn = "1877-0428",
doi = "https://doi.org/10.1016/j.sbspro.2015.10.120",
url = "http://www.sciencedirect.com/science/article/pii/S1877042815052532",
author = "Atif Açıkgöz and Özgün Ö. İlhan",
keywords = "Team Climate, Team Problem Solving"
}
@article{BERDONOSOV2011199,
title = "TRIZ-fractality of computer-aided software engineering systems",
journal = "Procedia Engineering",
volume = "9",
pages = "199 - 213",
year = "2011",
note = "Proceeding of the ETRIA World TRIZ Future Conference",
issn = "1877-7058",
doi = "https://doi.org/10.1016/j.proeng.2011.03.112",
url = "http://www.sciencedirect.com/science/article/pii/S1877705811001299",
author = "Victor Berdonosov and Elena Redkolis",
keywords = "CASE, Software life cycle, Process-oriented approach, TRIZ-fractality, Systematization of knowledge"
}
@article{BUSH1990235,
title = "Telecommuting: The case of research software development",
journal = "Technological Forecasting and Social Change",
volume = "37",
number = "3",
pages = "235 - 250",
year = "1990",
issn = "0040-1625",
doi = "https://doi.org/10.1016/0040-1625(90)90025-Q",
url = "http://www.sciencedirect.com/science/article/pii/004016259090025Q",
author = "William R. Bush"
}
@article{PEREZCASTILLO2013254,
title = "A Practical Teaching Experience about Software Reengineering",
journal = "Procedia - Social and Behavioral Sciences",
volume = "83",
pages = "254 - 260",
year = "2013",
note = "2nd World Conference on Educational Technology Research",
issn = "1877-0428",
doi = "https://doi.org/10.1016/j.sbspro.2013.06.050",
url = "http://www.sciencedirect.com/science/article/pii/S1877042813011178",
author = "Ricardo Pérez-Castillo and Ignacio García Rodriguez de Guzmán and Félix García and Mario Piattini",
keywords = "Software Engineering, Maintenance, Reengineering, Practical Experience, Evaluation"
}
@article{ABAEI201528,
title = "An empirical study based on semi-supervised hybrid self-organizing map for software fault prediction",
journal = "Knowledge-Based Systems",
volume = "74",
pages = "28 - 39",
year = "2015",
issn = "0950-7051",
doi = "https://doi.org/10.1016/j.knosys.2014.10.017",
url = "http://www.sciencedirect.com/science/article/pii/S0950705114003943",
author = "Golnoush Abaei and Ali Selamat and Hamido Fujita",
keywords = "Artificial neural network, Clustering, Self-organizing maps, Semi-supervised, Software fault prediction, Threshold"
}
@article{SANGIREDDY201658,
title = "GeoNet: An open source software for the automatic and objective extraction of channel heads, channel network, and channel morphology from high resolution topography data",
journal = "Environmental Modelling & Software",
volume = "83",
pages = "58 - 73",
year = "2016",
issn = "1364-8152",
doi = "https://doi.org/10.1016/j.envsoft.2016.04.026",
url = "http://www.sciencedirect.com/science/article/pii/S1364815216301219",
author = "Harish Sangireddy and Colin P. Stark and Anna Kladzyk and Paola Passalacqua",
keywords = "Lidar, High resolution topography, Geodesics, Channel heads, Channel network, Channel morphology"
}
@article{STEVENS2014107,
title = "A logic foundation for a general-purpose history querying tool",
journal = "Science of Computer Programming",
volume = "96",
pages = "107 - 120",
year = "2014",
note = "Special issue on Advances in Smalltalk based Systems",
issn = "0167-6423",
doi = "https://doi.org/10.1016/j.scico.2014.02.014",
url = "http://www.sciencedirect.com/science/article/pii/S0167642314000653",
author = "Reinout Stevens and Coen De Roover and Carlos Noguera and Andy Kellens and Viviane Jonckers",
keywords = "History queries, Meta-programming, Smalltalk, Logic programming, Program analysis"
}
@article{BOTANA201475,
title = "Automatic deduction in (dynamic) geometry: Loci computation",
journal = "Computational Geometry",
volume = "47",
number = "1",
pages = "75 - 89",
year = "2014",
issn = "0925-7721",
doi = "https://doi.org/10.1016/j.comgeo.2013.07.001",
url = "http://www.sciencedirect.com/science/article/pii/S0925772113000928",
author = "Francisco Botana and Miguel A. Abánades",
keywords = "Automatic deduction in geometry, Locus, Sage, GeoGebra, Gröbner cover"
}
@article{MATSUMOTO198933,
title = "ES/SDEM Software development engineering methodology for expert systems",
journal = "Future Generation Computer Systems",
volume = "5",
number = "1",
pages = "33 - 39",
year = "1989",
issn = "0167-739X",
doi = "https://doi.org/10.1016/0167-739X(89)90018-6",
url = "http://www.sciencedirect.com/science/article/pii/0167739X89900186",
author = "Shunji Matsumoto"
}
@article{HELKEY20161,
title = "Comparison of simulators for assessing the ability to sustain wireless sensor networks using dynamic network reconfiguration",
journal = "Sustainable Computing: Informatics and Systems",
volume = "9",
pages = "1 - 7",
year = "2016",
issn = "2210-5379",
doi = "https://doi.org/10.1016/j.suscom.2016.01.003",
url = "http://www.sciencedirect.com/science/article/pii/S2210537916000044",
author = "Joel Helkey and Lawrence Holder and Behrooz Shirazi",
keywords = "Wireless sensor networks, Network simulation, Power consumption"
}
@article{PHILIPPSEN200728,
title = "Collaborative EM image processing with the IPLT image processing library and toolbox",
journal = "Journal of Structural Biology",
volume = "157",
number = "1",
pages = "28 - 37",
year = "2007",
note = "Software tools for macromolecular microscopy",
issn = "1047-8477",
doi = "https://doi.org/10.1016/j.jsb.2006.06.009",
url = "http://www.sciencedirect.com/science/article/pii/S1047847706002012",
author = "Ansgar Philippsen and Andreas D. Schenk and Gian A. Signorell and Valerio Mariani and Simon Berneche and Andreas Engel",
keywords = "Image processing, Electron crystallography, Software engineering"
}
@article{VANHULSE2008691,
title = "A comprehensive empirical evaluation of missing value imputation in noisy software measurement data",
journal = "Journal of Systems and Software",
volume = "81",
number = "5",
pages = "691 - 708",
year = "2008",
note = "Software Process and Product Measurement",
issn = "0164-1212",
doi = "https://doi.org/10.1016/j.jss.2007.07.043",
url = "http://www.sciencedirect.com/science/article/pii/S0164121207002397",
author = "Jason Van Hulse and Taghi M. Khoshgoftaar",
keywords = "Imputation, Software quality, Missing data, Bayesian multiple imputation, Data quality"
}
@article{CLAPS201521,
title = "On the journey to continuous deployment: Technical and social challenges along the way",
journal = "Information and Software Technology",
volume = "57",
pages = "21 - 31",
year = "2015",
issn = "0950-5849",
doi = "https://doi.org/10.1016/j.infsof.2014.07.009",
url = "http://www.sciencedirect.com/science/article/pii/S0950584914001694",
author = "Gerry Gerard Claps and Richard Berntsson Svensson and Aybüke Aurum",
keywords = "Continuous deployment, Agile software development, Lean software development, Challenges and mitigation strategies"
}
@article{BAUMERT1988325,
title = "The need for a comprehensive expert system development methodology",
journal = "Telematics and Informatics",
volume = "5",
number = "3",
pages = "325 - 334",
year = "1988",
issn = "0736-5853",
doi = "https://doi.org/10.1016/S0736-5853(88)80034-0",
url = "http://www.sciencedirect.com/science/article/pii/S0736585388800340",
author = "John Baumert and Anna Critchfield and Karen Leavitt"
}
@article{RATHORE2015303,
title = "Predicting Number of Faults in Software System using Genetic Programming",
journal = "Procedia Computer Science",
volume = "62",
pages = "303 - 311",
year = "2015",
note = "Proceedings of the 2015 International Conference on Soft Computing and Software Engineering (SCSE'15)",
issn = "1877-0509",
doi = "https://doi.org/10.1016/j.procs.2015.08.454",
url = "http://www.sciencedirect.com/science/article/pii/S1877050915025892",
author = "Santosh S. Rathore and Sandeep Kumar",
keywords = "Software Fault Prediction, Genetic Programming, Number of Faults"
}
@article{FEINBERG201546,
title = "Chaospy: An open source tool for designing methods of uncertainty quantification",
journal = "Journal of Computational Science",
volume = "11",
pages = "46 - 57",
year = "2015",
issn = "1877-7503",
doi = "https://doi.org/10.1016/j.jocs.2015.08.008",
url = "http://www.sciencedirect.com/science/article/pii/S1877750315300119",
author = "Jonathan Feinberg and Hans Petter Langtangen",
keywords = "Uncertainty quantification, Polynomial chaos expansions, Monte Carlo simulation, Rosenblatt transformations, Python package"
}
@article{LOISEAU1994425,
title = "A method for checking and restoring the consistency of knowledge bases",
journal = "International Journal of Human-Computer Studies",
volume = "40",
number = "3",
pages = "425 - 442",
year = "1994",
issn = "1071-5819",
doi = "https://doi.org/10.1006/ijhc.1994.1019",
url = "http://www.sciencedirect.com/science/article/pii/S1071581984710196",
author = "Stéphane Loiseau"
}
@article{CRAWFORD20146634,
title = "A Max–Min Ant System algorithm to solve the Software Project Scheduling Problem",
journal = "Expert Systems with Applications",
volume = "41",
number = "15",
pages = "6634 - 6645",
year = "2014",
issn = "0957-4174",
doi = "https://doi.org/10.1016/j.eswa.2014.05.003",
url = "http://www.sciencedirect.com/science/article/pii/S0957417414002747",
author = "Broderick Crawford and Ricardo Soto and Franklin Johnson and Eric Monfroy and Fernando Paredes",
keywords = "Ant Colony Optimization, Project management, Software engineering, Software Project Scheduling Problem"
}
@article{WIELAND20111568,
title = "A new method for semi-automatic fuzzy training and its application in environmental modeling",
journal = "Environmental Modelling & Software",
volume = "26",
number = "12",
pages = "1568 - 1573",
year = "2011",
issn = "1364-8152",
doi = "https://doi.org/10.1016/j.envsoft.2011.07.017",
url = "http://www.sciencedirect.com/science/article/pii/S1364815211001782",
author = "Ralf Wieland and Wilfried Mirschel and Karin Groth and Alison Pechenick and Kyoko Fukuda",
keywords = "Fuzzy modeling, Fuzzy rule generation, Statistical analysis, Yield modeling, Data mining"
}
@article{BINOTTO2013204,
title = "Sm@rtConfig: A context-aware runtime and tuning system using an aspect-oriented approach for data intensive engineering applications",
journal = "Control Engineering Practice",
volume = "21",
number = "2",
pages = "204 - 217",
year = "2013",
issn = "0967-0661",
doi = "https://doi.org/10.1016/j.conengprac.2012.10.001",
url = "http://www.sciencedirect.com/science/article/pii/S0967066112002158",
author = "Alécio Pedro Delazari Binotto and Marco Aurélio Wehrmeister and Arjan Kuijper and Carlos Eduardo Pereira",
keywords = "Scheduling, Load-balancing, GPUs, Solvers for linear equations systems, Model-Driven Engineering, Aspect Oriented Software Development"
}
@article{ANESTIS2017738,
title = "Exploring of the Consequences of Human Resources Multitasking in Industrial Automation Projects: A Tool to Mitigate Impacts",
journal = "Procedia Engineering",
volume = "196",
pages = "738 - 745",
year = "2017",
note = "Creative Construction Conference 2017, CCC 2017, 19-22 June 2017, Primosten, Croatia",
issn = "1877-7058",
doi = "https://doi.org/10.1016/j.proeng.2017.08.002",
url = "http://www.sciencedirect.com/science/article/pii/S1877705817331223",
author = "Sifniadis Anestis and Petroutsatou Kleopatra",
keywords = "Multitasking, Task switching, Industrial automation projects, Project performance, Project manager decision making, AHP, Project management tool ;"
}
@article{HELFER2015994,
title = "Introducing the open-source mfront code generator: Application to mechanical behaviours and material knowledge management within the PLEIADES fuel element modelling platform",
journal = "Computers & Mathematics with Applications",
volume = "70",
number = "5",
pages = "994 - 1023",
year = "2015",
issn = "0898-1221",
doi = "https://doi.org/10.1016/j.camwa.2015.06.027",
url = "http://www.sciencedirect.com/science/article/pii/S0898122115003132",
author = "Thomas Helfer and Bruno Michel and Jean-Michel Proix and Maxime Salvo and Jérôme Sercombe and Michel Casella",
keywords = "Material knowledge management, Mechanical behaviour integration, Implicit integration schemes, Single crystal plasticity, Domain specific languages"
}
@article{COFRANCESCO1989235,
title = "A Software Production Methodology for Process Control",
journal = "IFAC Proceedings Volumes",
volume = "22",
number = "18",
pages = "235 - 240",
year = "1989",
note = "IFAC symposium on Low Cost Automation Techniques, Components and Instruments Applications, Milan, Italy, 8-10 November",
issn = "1474-6670",
doi = "https://doi.org/10.1016/S1474-6670(17)52848-7",
url = "http://www.sciencedirect.com/science/article/pii/S1474667017528487",
author = "P. Cofrancesco and A. Cristoforetti and R. Scattolini",
keywords = "Digital control, software engineering, software development, direct digital control, software tools"
}
@article{BOURAS2013100,
title = "Methodology for Public Administrators for selecting between open source and proprietary software",
journal = "Telematics and Informatics",
volume = "30",
number = "2",
pages = "100 - 110",
year = "2013",
issn = "0736-5853",
doi = "https://doi.org/10.1016/j.tele.2012.03.001",
url = "http://www.sciencedirect.com/science/article/pii/S073658531200024X",
author = "Christos Bouras and Vasileios Kokkinos and Georgia Tseliou",
keywords = "Open source software, Proprietary software, Public Administration guidelines"
}
@article{STUDER1998161,
title = "Knowledge engineering: Principles and methods",
journal = "Data & Knowledge Engineering",
volume = "25",
number = "1",
pages = "161 - 197",
year = "1998",
issn = "0169-023X",
doi = "https://doi.org/10.1016/S0169-023X(97)00056-6",
url = "http://www.sciencedirect.com/science/article/pii/S0169023X97000566",
author = "Rudi Studer and V.Richard Benjamins and Dieter Fensel",
keywords = "Knowledge Engineering, Knowledge acquisition, Problem-solving method, Ontology, Information integration"
}
@article{PELEG2006184,
title = "Interpreting procedures from descriptive guidelines",
journal = "Journal of Biomedical Informatics",
volume = "39",
number = "2",
pages = "184 - 195",
year = "2006",
issn = "1532-0464",
doi = "https://doi.org/10.1016/j.jbi.2005.06.002",
url = "http://www.sciencedirect.com/science/article/pii/S1532046405000559",
author = "Mor Peleg and Lily A. Gutnik and Vincenza Snow and Vimla L. Patel",
keywords = "Decision support, Clinical practice guidelines, Case study, Computer-interpretable guidelines, Software engineering, Cognitive studies"
}
@article{LUCAS2017505,
title = "CollabRDL: A language to coordinate collaborative reuse",
journal = "Journal of Systems and Software",
volume = "131",
pages = "505 - 527",
year = "2017",
issn = "0164-1212",
doi = "https://doi.org/10.1016/j.jss.2017.01.031",
url = "http://www.sciencedirect.com/science/article/pii/S0164121217300225",
author = "Edson M. Lucas and Toacy C. Oliveira and Kleinner Farias and Paulo S.C. Alencar",
keywords = "Software reuse, Collaboration, Framework, Language, Reuse process"
}
@article{MEI2017441,
title = "Identifying sleep spindles with multichannel EEG and classification optimization",
journal = "Computers in Biology and Medicine",
volume = "89",
pages = "441 - 453",
year = "2017",
issn = "0010-4825",
doi = "https://doi.org/10.1016/j.compbiomed.2017.08.030",
url = "http://www.sciencedirect.com/science/article/pii/S0010482517302901",
author = "Ning Mei and Michael D. Grossberg and Kenneth Ng and Karen T. Navarro and Timothy M. Ellmore",
keywords = "Thresholding, Machine learning, Optimization, Sleep spindle, Memory consolidation"
}
@article{LUNA2017204,
title = "User-centered design improves the usability of drug-drug interaction alerts: Experimental comparison of interfaces",
journal = "Journal of Biomedical Informatics",
volume = "66",
pages = "204 - 213",
year = "2017",
issn = "1532-0464",
doi = "https://doi.org/10.1016/j.jbi.2017.01.009",
url = "http://www.sciencedirect.com/science/article/pii/S1532046417300096",
author = "Daniel R. Luna and Daniel A. Rizzato Lede and Carlos M. Otero and Marcelo R. Risk and Fernán González Bernaldo de Quirós",
keywords = "User-centered design, Participatory design, Clinical decision support systems, Drug interactions, Human computer interaction, Usability"
}
@article{DIETRICH20082183,
title = "Using social networking and semantic web technology in software engineering – Use cases, patterns, and a case study",
journal = "Journal of Systems and Software",
volume = "81",
number = "12",
pages = "2183 - 2193",
year = "2008",
note = "Best papers from the 2007 Australian Software Engineering Conference (ASWEC 2007), Melbourne, Australia, April 10-13, 2007",
issn = "0164-1212",
doi = "https://doi.org/10.1016/j.jss.2008.03.060",
url = "http://www.sciencedirect.com/science/article/pii/S0164121208000939",
author = "Jens Dietrich and Nathan Jones and Jevon Wright"
}
@article{GREEN2014507,
title = "Open-source tools for dynamical analysis of Liley's mean-field cortex model",
journal = "Journal of Computational Science",
volume = "5",
number = "3",
pages = "507 - 516",
year = "2014",
issn = "1877-7503",
doi = "https://doi.org/10.1016/j.jocs.2013.06.001",
url = "http://www.sciencedirect.com/science/article/pii/S187775031300077X",
author = "Kevin R. Green and Lennaert van Veen",
keywords = "Mean-field modelling, Hyperbolic partial differential equations, Numerical partial differential equations, 35Q92, 65Y05"
}
@article{NESI2015130,
title = "A hadoop based platform for natural language processing of web pages and documents",
journal = "Journal of Visual Languages & Computing",
volume = "31",
pages = "130 - 138",
year = "2015",
note = "Special Issue on DMS2015",
issn = "1045-926X",
doi = "https://doi.org/10.1016/j.jvlc.2015.10.017",
url = "http://www.sciencedirect.com/science/article/pii/S1045926X15000749",
author = "Paolo Nesi and Gianni Pantaleo and Gianmarco Sanesi",
keywords = "Natural language processing, Hadoop, Part-of-speech tagging, Text parsing, Web crawling, Big Data Mining, Parallel computing, Distributed systems"
}
@article{CULLYER199121,
title = "High Integrity Systems",
journal = "IFAC Proceedings Volumes",
volume = "24",
number = "4",
pages = "21 - 27",
year = "1991",
note = "IFAC Symposium on Computer Aided Design in Control Systems, Swansea, UK, 15-17 July 1991",
issn = "1474-6670",
doi = "https://doi.org/10.1016/S1474-6670(17)54242-1",
url = "http://www.sciencedirect.com/science/article/pii/S1474667017542421",
author = "W.J. Cullyer",
keywords = "Safety, computer control, software development, control equipment"
}
@article{MANTYLA20141597,
title = "How are software defects found? The role of implicit defect detection, individual responsibility, documents, and knowledge",
journal = "Information and Software Technology",
volume = "56",
number = "12",
pages = "1597 - 1612",
year = "2014",
note = "Special issue: Human Factors in Software Development",
issn = "0950-5849",
doi = "https://doi.org/10.1016/j.infsof.2013.12.005",
url = "http://www.sciencedirect.com/science/article/pii/S0950584913002346",
author = "Mika V. Mäntylä and Juha Itkonen",
keywords = "Software testing, Defect detection, Activities, Documents, Human factors, Industrial questionnaire study"
}
@article{SERRANO2013132,
title = "Data mining agent conversations: A qualitative approach to multiagent systems analysis",
journal = "Information Sciences",
volume = "230",
pages = "132 - 146",
year = "2013",
note = "Mobile and Internet Services in Ubiquitous and Pervasive Computing Environments",
issn = "0020-0255",
doi = "https://doi.org/10.1016/j.ins.2012.12.019",
url = "http://www.sciencedirect.com/science/article/pii/S002002551300011X",
author = "Emilio Serrano and Michael Rovatsos and Juan A. Botía",
keywords = "Agent communication language, Interaction protocol, Interaction analysis, Data mining, Agent-oriented software engineering"
}
@article{UGARTE2012597,
title = "Personalised Trachea Stent Designer: A Knowledge Feature",
journal = "Procedia CIRP",
volume = "3",
pages = "597 - 601",
year = "2012",
note = "45th CIRP Conference on Manufacturing Systems 2012",
issn = "2212-8271",
doi = "https://doi.org/10.1016/j.procir.2012.07.102",
url = "http://www.sciencedirect.com/science/article/pii/S2212827112002740",
author = "D. Ugarte and A. Izaguirre and A. Rosell",
keywords = "Bio-CAD, Knowledge Based Engineering, Personalised trachea stent, Design Automation, Unigraphics – NX, Knowledge Fusion"
}
@article{SURESH201470,
title = "An Optimal Task Selection Scheme for Hadoop Scheduling",
journal = "IERI Procedia",
volume = "10",
pages = "70 - 75",
year = "2014",
note = "International Conference on Future Information Engineering (FIE 2014)",
issn = "2212-6678",
doi = "https://doi.org/10.1016/j.ieri.2014.09.093",
url = "http://www.sciencedirect.com/science/article/pii/S2212667814001415",
author = "S. Suresh and N.P. Gopalan",
keywords = "Hadoop, MapReduce, task selection, job scheduling."
}
@article{NURDIANI2016162,
title = "The impacts of agile and lean practices on project constraints: A tertiary study",
journal = "Journal of Systems and Software",
volume = "119",
pages = "162 - 183",
year = "2016",
issn = "0164-1212",
doi = "https://doi.org/10.1016/j.jss.2016.06.043",
url = "http://www.sciencedirect.com/science/article/pii/S0164121216300863",
author = "Indira Nurdiani and Jürgen Börstler and Samuel A. Fricker",
keywords = "Tertiary study, Agile software development, Lean software development, Project constraints"
}
@article{KVASNICA2015302,
title = "Reachability Analysis and Control Synthesis for Uncertain Linear Systems in MPT∗∗The authors gratefully acknowledge the contribution of the Scientific Grant Agency of the Slovak Republic under the grants 1/0403/15 and 1/0973/12. The research leading to these results has received funding from the People Programme (Marie Curie Actions) of the European Union’s Seventh Framework Programme (FP7/2007-2013) under REA grant agreement no 607957 (TEMPO) and the internal grant of the Slovak University of Technology in Bratislava for support of young researchers.",
journal = "IFAC-PapersOnLine",
volume = "48",
number = "14",
pages = "302 - 307",
year = "2015",
note = "8th IFAC Symposium on Robust Control Design ROCOND 2015",
issn = "2405-8963",
doi = "https://doi.org/10.1016/j.ifacol.2015.09.474",
url = "http://www.sciencedirect.com/science/article/pii/S2405896315015931",
author = "Michal Kvasnica and Bálint Takács and Juraj Holaza and Deepak Ingole",
keywords = "Reachability analysis, robust control, computer-aided control design"
}
@article{ABDULLAH2012501,
title = "The Development of Gross Motor Analysis System Software: A Preliminary Concept",
journal = "Procedia - Social and Behavioral Sciences",
volume = "64",
pages = "501 - 506",
year = "2012",
note = "12 th International Educational Technology Conference - IETC 2012",
issn = "1877-0428",
doi = "https://doi.org/10.1016/j.sbspro.2012.11.059",
url = "http://www.sciencedirect.com/science/article/pii/S1877042812050367",
author = "Borhannudin Abdullah and Wan Marzuki Wan Jaafar and Ahmad Fauzi Mohd Ayub",
keywords = "Software Development, Loco-motor Skills, Manipulative Skills, Motor Development"
}
@article{ANGEL201890,
title = "Automated modelling assistance by integrating heterogeneous information sources",
journal = "Computer Languages, Systems & Structures",
volume = "53",
pages = "90 - 120",
year = "2018",
issn = "1477-8424",
doi = "https://doi.org/10.1016/j.cl.2018.02.002",
url = "http://www.sciencedirect.com/science/article/pii/S1477842417301690",
author = "Mora Segura Ángel and Juan de Lara and Patrick Neubauer and Manuel Wimmer",
keywords = "Modelling, (Meta-)modelling, Modelling assistance, Domain-specific languages, Language engineering"
}
@article{FECZAK2011121,
title = "Exploring computer supported collaborative coordination through social networks",
journal = "The Journal of High Technology Management Research",
volume = "22",
number = "2",
pages = "121 - 140",
year = "2011",
issn = "1047-8310",
doi = "https://doi.org/10.1016/j.hitech.2011.09.005",
url = "http://www.sciencedirect.com/science/article/pii/S1047831011000216",
author = "Szabolcs Feczak and Liaquat Hossain",
keywords = "Social network analysis, Centrality, Distributed coordination"
}
@article{CUI201775,
title = "Research of An Intelligent Experimental Teaching Platform Based on Internet",
journal = "Procedia Computer Science",
volume = "107",
pages = "75 - 79",
year = "2017",
note = "Advances in Information and Communication Technology: Proceedings of 7th International Congress of Information and Communication Technology (ICICT2017)",
issn = "1877-0509",
doi = "https://doi.org/10.1016/j.procs.2017.03.059",
url = "http://www.sciencedirect.com/science/article/pii/S1877050917303344",
author = "Zhilei Cui and Jin-e Wang",
keywords = "Internet, dynamic trace, intelligentize, experimental teaching platform ;"
}
@article{MEDEIROSDOSSANTOS201395,
title = "On the Representation and Aggregation of Evidence in Software Engineering: A Theory and Belief-based Perspective",
journal = "Electronic Notes in Theoretical Computer Science",
volume = "292",
pages = "95 - 118",
year = "2013",
note = "Proceedings of the XXXVIII Latin American Conference in Informatics (CLEI)",
issn = "1571-0661",
doi = "https://doi.org/10.1016/j.entcs.2013.02.008",
url = "http://www.sciencedirect.com/science/article/pii/S1571066113000108",
author = "Paulo Sérgio Medeiros dos Santos and Guilherme Horta Travassos",
keywords = "software engineering, theory, belief functions, dempster-shafer theory, evidence representation, evidence aggregation, post-mortem, research synthesis"
}
@article{LAUREN201668,
title = "Running Lean: Refactoring and the Multiliteracy Center",
journal = "Computers and Composition",
volume = "41",
pages = "68 - 77",
year = "2016",
note = "Pedagogies of Multimodality and the Future of Multiliteracy Centers",
issn = "8755-4615",
doi = "https://doi.org/10.1016/j.compcom.2016.04.007",
url = "http://www.sciencedirect.com/science/article/pii/S8755461516300020",
author = "Benjamin Lauren",
keywords = "Multiliteracy Centers, Refactoring, Assessment, Lean Administrative Methods, Systems Thinking, Participatory Design"
}
@article{RIIS2014189,
title = "What makes a chess program original? Revisiting the Rybka case",
journal = "Entertainment Computing",
volume = "5",
number = "3",
pages = "189 - 204",
year = "2014",
issn = "1875-9521",
doi = "https://doi.org/10.1016/j.entcom.2014.04.004",
url = "http://www.sciencedirect.com/science/article/pii/S1875952114000159",
author = "Søren Riis",
keywords = "Clone, Cluster analysis, Computer games, Copyright, Reverse engineering, Innovation"
}
@article{BRAZIER20021,
title = "Principles of component-based design of intelligent agents",
journal = "Data & Knowledge Engineering",
volume = "41",
number = "1",
pages = "1 - 27",
year = "2002",
issn = "0169-023X",
doi = "https://doi.org/10.1016/S0169-023X(01)00058-1",
url = "http://www.sciencedirect.com/science/article/pii/S0169023X01000581",
author = "Frances M.T. Brazier and Catholijn M. Jonker and Jan Treur",
keywords = "Component-based, Design, Agent, Reuse, Generic model"
}
@article{MANDLE2016121,
title = "OPAL: An open-source software tool for integrating biodiversity and ecosystem services into impact assessment and mitigation decisions",
journal = "Environmental Modelling & Software",
volume = "84",
pages = "121 - 133",
year = "2016",
issn = "1364-8152",
doi = "https://doi.org/10.1016/j.envsoft.2016.06.008",
url = "http://www.sciencedirect.com/science/article/pii/S1364815216302110",
author = "Lisa Mandle and James Douglass and Juan Sebastian Lozano and Richard P. Sharp and Adrian L. Vogl and Douglas Denu and Thomas Walschburger and Heather Tallis",
keywords = "Environmental impact assessment, Biodiversity offsets, Compensatory mitigation, Decision support tool, Land use planning, Environmental justice"
}
@article{GONZALEZ2017489,
title = "Novel remote monitoring platform for RES-hydrogen based smart microgrid",
journal = "Energy Conversion and Management",
volume = "148",
pages = "489 - 505",
year = "2017",
issn = "0196-8904",
doi = "https://doi.org/10.1016/j.enconman.2017.06.031",
url = "http://www.sciencedirect.com/science/article/pii/S0196890417305757",
author = "I. González and A.J. Calderón and J.M. Andújar",
keywords = "Smart microgrid, Smart grid, Renewable energy sources, Hydrogen, Remote monitoring, Easy Java/Javascript Simulations"
}
@article{FRANK20119164,
title = "Real-time capable software agents on IEC 61131 systems – Developing a tool supported method",
journal = "IFAC Proceedings Volumes",
volume = "44",
number = "1",
pages = "9164 - 9169",
year = "2011",
note = "18th IFAC World Congress",
issn = "1474-6670",
doi = "https://doi.org/10.3182/20110828-6-IT-1002.01390",
url = "http://www.sciencedirect.com/science/article/pii/S1474667016450834",
author = "Ursula Frank and Josef Papenfort and Daniel Schütz",
keywords = "Real-time algorithms, Programmable logic controllers, Knowledge-based control"
}
@article{BRITO2018306,
title = "On the use of replacement messages in API deprecation: An empirical study",
journal = "Journal of Systems and Software",
volume = "137",
pages = "306 - 321",
year = "2018",
issn = "0164-1212",
doi = "https://doi.org/10.1016/j.jss.2017.12.007",
url = "http://www.sciencedirect.com/science/article/pii/S016412121730300X",
author = "Gleison Brito and Andre Hora and Marco Tulio Valente and Romain Robbes",
keywords = "API deprecation, Software evolution, Mining software repositories, Empirical software engineering"
}
@article{ALONSO199079,
title = "Knowledge engineering versus software engineering",
journal = "Data & Knowledge Engineering",
volume = "5",
number = "2",
pages = "79 - 91",
year = "1990",
issn = "0169-023X",
doi = "https://doi.org/10.1016/0169-023X(90)90005-X",
url = "http://www.sciencedirect.com/science/article/pii/0169023X9090005X",
author = "Fernando Alonso and Jose Luis Maté and Juan Pazos",
keywords = "Knowledge engineering, Software engineering, Design techniques of software, Software architecture, Hardware architecture, Knowledge and power paradigms"
}
@article{OVASKA2010577,
title = "Knowledge based quality-driven architecture design and evaluation",
journal = "Information and Software Technology",
volume = "52",
number = "6",
pages = "577 - 601",
year = "2010",
issn = "0950-5849",
doi = "https://doi.org/10.1016/j.infsof.2009.11.008",
url = "http://www.sciencedirect.com/science/article/pii/S0950584909002080",
author = "Eila Ovaska and Antti Evesti and Katja Henttonen and Marko Palviainen and Pekka Aho",
keywords = "Quality attribute, Model-driven development, Software architecture, Ontology, Evaluation, Tool"
}
@article{KARIMI1996191,
title = "Software maintenance support for knowledge-based systems",
journal = "Journal of Systems and Software",
volume = "34",
number = "3",
pages = "191 - 210",
year = "1996",
issn = "0164-1212",
doi = "https://doi.org/10.1016/0164-1212(95)00075-5",
url = "http://www.sciencedirect.com/science/article/pii/0164121295000755",
author = "Jahangir Karimi and Peter L. Briggs"
}
@article{SHARPLES2002310,
title = "Socio-cognitive engineering: A methodology for the design of human-centred technology",
journal = "European Journal of Operational Research",
volume = "136",
number = "2",
pages = "310 - 323",
year = "2002",
note = "Human Centered Processes",
issn = "0377-2217",
doi = "https://doi.org/10.1016/S0377-2217(01)00118-7",
url = "http://www.sciencedirect.com/science/article/pii/S0377221701001187",
author = "M. Sharples and N. Jeffery and J.B.H. du Boulay and D. Teather and B. Teather and G.H. du Boulay",
keywords = "Human-centred technology, Software engineering, Organizational engineering, Human–computer interaction, Computer-based training, Radiology"
}
@article{CANETEVALDEON2013226,
title = "How influential has academic and industrial research been in current software life cycles? A retrospective analysis of four mainstream activities",
journal = "Information and Software Technology",
volume = "55",
number = "2",
pages = "226 - 240",
year = "2013",
note = "Special Section: Component-Based Software Engineering (CBSE), 2011",
issn = "0950-5849",
doi = "https://doi.org/10.1016/j.infsof.2012.07.019",
url = "http://www.sciencedirect.com/science/article/pii/S095058491200153X",
author = "José Miguel Cañete-Valdeón",
keywords = "Knowledge transfer, History of computing, Practice of software development, Standardisation"
}
@article{DEAK20161,
title = "Challenges and strategies for motivating software testing personnel",
journal = "Information and Software Technology",
volume = "73",
pages = "1 - 15",
year = "2016",
issn = "0950-5849",
doi = "https://doi.org/10.1016/j.infsof.2016.01.002",
url = "http://www.sciencedirect.com/science/article/pii/S0950584916000045",
author = "Anca Deak and Tor Stålhane and Guttorm Sindre",
keywords = "Software development, Software testing, Motivation, Testers, Human factors, Management"
}
@article{OZKAYA201815,
title = "Do the informal & formal software modeling notations satisfy practitioners for software architecture modeling?",
journal = "Information and Software Technology",
volume = "95",
pages = "15 - 33",
year = "2018",
issn = "0950-5849",
doi = "https://doi.org/10.1016/j.infsof.2017.10.008",
url = "http://www.sciencedirect.com/science/article/pii/S0950584917304834",
author = "Mert Ozkaya",
keywords = "A survey, Software architectures, Informal/formal semantics, ADLs, UML, Formal specification languages"
}
@article{JANGRAW2014245,
title = "NEDE: An open-source scripting suite for developing experiments in 3D virtual environments",
journal = "Journal of Neuroscience Methods",
volume = "235",
pages = "245 - 251",
year = "2014",
issn = "0165-0270",
doi = "https://doi.org/10.1016/j.jneumeth.2014.06.033",
url = "http://www.sciencedirect.com/science/article/pii/S016502701400257X",
author = "David C. Jangraw and Ansh Johri and Meron Gribetz and Paul Sajda",
keywords = "Experimental design, 3D stimuli, Virtual environment, Eye tracking, EEG, BCI"
}
@article{SARAIVA201585,
title = "Classifying metrics for assessing Object-Oriented Software Maintainability: A family of metrics’ catalogs",
journal = "Journal of Systems and Software",
volume = "103",
pages = "85 - 101",
year = "2015",
issn = "0164-1212",
doi = "https://doi.org/10.1016/j.jss.2015.01.014",
url = "http://www.sciencedirect.com/science/article/pii/S0164121215000126",
author = "Juliana de A.G. Saraiva and Micael S. de França and Sérgio C.B. Soares and Fernando J.C.L. Filho and Renata M.C.R. de Souza",
keywords = "Software maintainability, Metrics, Object-Oriented Software Development"
}
@article{GOEDERT201176,
title = "A framework for Virtual Interactive Construction Education (VICE)",
journal = "Automation in Construction",
volume = "20",
number = "1",
pages = "76 - 87",
year = "2011",
note = "Global convergence in construction",
issn = "0926-5805",
doi = "https://doi.org/10.1016/j.autcon.2010.07.002",
url = "http://www.sciencedirect.com/science/article/pii/S0926580510001007",
author = "James Goedert and Yong Cho and Mahadevan Subramaniam and Haifeng Guo and Ling Xiao",
keywords = "Virtual simulation, Games, Construction education, Training"
}
@article{LEMAY201826,
title = "Survey of publicly available reports on advanced persistent threat actors",
journal = "Computers & Security",
volume = "72",
pages = "26 - 59",
year = "2018",
issn = "0167-4048",
doi = "https://doi.org/10.1016/j.cose.2017.08.005",
url = "http://www.sciencedirect.com/science/article/pii/S0167404817301608",
author = "Antoine Lemay and Joan Calvet and François Menet and José M. Fernandez",
keywords = "Advanced Persistent Threat (APT), Cyber espionage, Cyber attacks, Targeted attacks, Targeted malware"
}
@article{CURCIO201610,
title = "An analysis of the factors determining software product quality: A comparative study",
journal = "Computer Standards & Interfaces",
volume = "48",
pages = "10 - 18",
year = "2016",
note = "Special Issue on Information System in Distributed Environment",
issn = "0920-5489",
doi = "https://doi.org/10.1016/j.csi.2016.04.002",
url = "http://www.sciencedirect.com/science/article/pii/S0920548916300228",
author = "Karina Curcio and Andreia Malucelli and Sheila Reinehr and Marco Antônio Paludo",
keywords = "Software quality, Survey, Factors determining quality, ISO/IEC 9126, ISO/IEC 25000"
}
@article{KAZEMIFARD20112260,
title = "Fuzzy Emotional COCOMO II Software Cost Estimation (FECSCE) using Multi-Agent Systems",
journal = "Applied Soft Computing",
volume = "11",
number = "2",
pages = "2260 - 2270",
year = "2011",
note = "The Impact of Soft Computing for the Progress of Artificial Intelligence",
issn = "1568-4946",
doi = "https://doi.org/10.1016/j.asoc.2010.08.006",
url = "http://www.sciencedirect.com/science/article/pii/S1568494610002085",
author = "M. Kazemifard and A. Zaeri and N. Ghasem-Aghaee and M.A. Nematbakhsh and F. Mardukhi",
keywords = "COCOMO II, Emotion, Personality, Mood, Fuzzy agent, Multi-Agent System (MAS)"
}
@article{FERRARI200853,
title = "Architecting-problems rooted in requirements",
journal = "Information and Software Technology",
volume = "50",
number = "1",
pages = "53 - 66",
year = "2008",
note = "Special issue with two special sections. Section 1: Most-cited software engineering articles in 2001. Section 2: Requirement engineering: Foundation for software quality",
issn = "0950-5849",
doi = "https://doi.org/10.1016/j.infsof.2007.10.012",
url = "http://www.sciencedirect.com/science/article/pii/S095058490700119X",
author = "Remo N. Ferrari and Nazim H. Madhavji",
keywords = "Requirements engineering, Software architecture, Software quality, Process improvement, Empirical study"
}