@article{MOLNAR1991439,
title = "Application of AI in software and information engineering",
journal = "Engineering Applications of Artificial Intelligence",
volume = "4",
number = "6",
pages = "439 - 443",
year = "1991",
issn = "0952-1976",
doi = "https://doi.org/10.1016/0952-1976(91)90033-3",
url = "http://www.sciencedirect.com/science/article/pii/0952197691900333",
author = "Bálint Molnár and József Frigó",
keywords = "Knowledge-based management systems, software and information engineering, data dictionary, repository, application of AI techniques"
}
@article{BERKERLOGOGLU2016558,
title = "CoSPAIR: Colored Histograms of Spatial Concentric Surflet-Pairs for 3D object recognition",
journal = "Robotics and Autonomous Systems",
volume = "75",
pages = "558 - 570",
year = "2016",
issn = "0921-8890",
doi = "https://doi.org/10.1016/j.robot.2015.09.027",
url = "http://www.sciencedirect.com/science/article/pii/S0921889015002225",
author = "K. Berker Logoglu and Sinan Kalkan and Alptekin Temizel",
keywords = "3D descriptors, 3D object recognition, Point clouds, RGB-D"
}
@article{KESSELMEIER1998803,
title = "Enterprise Networks: The Re-Engineering of Complex Software Systems",
journal = "IFAC Proceedings Volumes",
volume = "31",
number = "15",
pages = "803 - 808",
year = "1998",
note = "9th IFAC Symposium on Information Control in Manufacturing 1998 (INCOM '98), Nancy, France, 24-26 June",
issn = "1474-6670",
doi = "https://doi.org/10.1016/S1474-6670(17)40651-3",
url = "http://www.sciencedirect.com/science/article/pii/S1474667017406513",
author = "Hors Kesselmeier and Inga Tschiersch and Klaus Henning and Beate Stoffels and Sebastian Kutscha",
keywords = "Reengineering, Software Systems"
}
@article{SEPPANEN2002155,
title = "Evolution of competence in software subcontracting projects",
journal = "International Journal of Project Management",
volume = "20",
number = "2",
pages = "155 - 164",
year = "2002",
issn = "0263-7863",
doi = "https://doi.org/10.1016/S0263-7863(00)00043-0",
url = "http://www.sciencedirect.com/science/article/pii/S0263786300000430",
author = "Veikko Seppänen",
keywords = "Core competence, Industrial relationships, Software subcontracting"
}
@article{GUEBITZ20127291,
title = "A risk management ontology for Quality-by-Design based on a new development approach according GAMP 5.0",
journal = "Expert Systems with Applications",
volume = "39",
number = "8",
pages = "7291 - 7301",
year = "2012",
issn = "0957-4174",
doi = "https://doi.org/10.1016/j.eswa.2012.01.089",
url = "http://www.sciencedirect.com/science/article/pii/S0957417412001029",
author = "Brigitte Guebitz and Hubert Schnedl and Johannes G. Khinast",
keywords = "Quality risk management, Ontology, GAMP, Quality by Design, Knowledge management, Development approach"
}
@article{ROWLAND1990371,
title = "A Modular Approach to Sensor Integration in Robotic Assembly",
journal = "IFAC Proceedings Volumes",
volume = "23",
number = "3",
pages = "371 - 376",
year = "1990",
note = "6th IFAC/IFIP/IFORS/IMACS Symposium on Information Control Problems in Manufacturing Technology 1989, Madrid, Spain, 26-29 September",
issn = "1474-6670",
doi = "https://doi.org/10.1016/S1474-6670(17)52585-9",
url = "http://www.sciencedirect.com/science/article/pii/S1474667017525859",
author = "J.J. Rowland and H.R. Nicholls",
keywords = "Industrial robots, sensors, flexible manufacturing, computer interfacing, data handling, microprocessors, software engineering, real time computer systems"
}
@article{SHORT1991720,
title = "Methodology integration: evolution of information engineering",
journal = "Information and Software Technology",
volume = "33",
number = "9",
pages = "720 - 732",
year = "1991",
note = "CASE (computer-aided software engineering)",
issn = "0950-5849",
doi = "https://doi.org/10.1016/0950-5849(91)90045-D",
url = "http://www.sciencedirect.com/science/article/pii/095058499190045D",
author = "KW Short",
keywords = "information systems, computer-aided software engineering, CASE, information engineering"
}
@article{FARACO2007856,
title = "Using LabVIEW for applying mathematical models in representing phenomena",
journal = "Computers & Education",
volume = "49",
number = "3",
pages = "856 - 872",
year = "2007",
issn = "0360-1315",
doi = "https://doi.org/10.1016/j.compedu.2005.11.025",
url = "http://www.sciencedirect.com/science/article/pii/S0360131505001909",
author = "G. Faraco and L. Gabriele",
keywords = "LabVIEW, Learning/teaching models, Simulation, Learning strategies, Cognitive style"
}
@article{LIU2017280,
title = "Establishing a fully coupled CFD analysis tool for floating offshore wind turbines",
journal = "Renewable Energy",
volume = "112",
pages = "280 - 301",
year = "2017",
issn = "0960-1481",
doi = "https://doi.org/10.1016/j.renene.2017.04.052",
url = "http://www.sciencedirect.com/science/article/pii/S0960148117303609",
author = "Yuanchuan Liu and Qing Xiao and Atilla Incecik and Christophe Peyrard and Decheng Wan",
keywords = "Floating offshore wind turbine, Computational fluid dynamics, Fluid-structure interaction, OpenFOAM, Sliding mesh technique"
}
@article{MCDONALD2011797,
title = "It's time for management version 2.0: Six forces redefining the future of modern management",
journal = "Futures",
volume = "43",
number = "8",
pages = "797 - 808",
year = "2011",
note = "Futures of Evolutionary Psychology",
issn = "0016-3287",
doi = "https://doi.org/10.1016/j.futures.2011.05.001",
url = "http://www.sciencedirect.com/science/article/pii/S0016328711000917",
author = "Paul McDonald"
}
@article{GRAVES1996183,
title = "A graph conceptual model for developing human genome center databases",
journal = "Computers in Biology and Medicine",
volume = "26",
number = "3",
pages = "183 - 197",
year = "1996",
note = "Information Retrieval and Genomics",
issn = "0010-4825",
doi = "https://doi.org/10.1016/0010-4825(95)00053-4",
url = "http://www.sciencedirect.com/science/article/pii/0010482595000534",
author = "Mark Graves and Ellen R. Bergeman and Charles B. Lawrence",
keywords = "Database development, Genome informatics, Conceptual modeling, Data models, Graph-based representation, Software engineering, Human, Genome Project"
}
@article{KO200541,
title = "A framework and methodology for studying the causes of software errors in programming systems",
journal = "Journal of Visual Languages & Computing",
volume = "16",
number = "1",
pages = "41 - 84",
year = "2005",
note = "2003 IEEE Symposium on Human Centric Computing Languages and Environments",
issn = "1045-926X",
doi = "https://doi.org/10.1016/j.jvlc.2004.08.003",
url = "http://www.sciencedirect.com/science/article/pii/S1045926X04000394",
author = "Andrew J. Ko and Brad A. Myers"
}
@article{MAILLO20173,
title = "kNN-IS: An Iterative Spark-based design of the k-Nearest Neighbors classifier for big data",
journal = "Knowledge-Based Systems",
volume = "117",
pages = "3 - 15",
year = "2017",
note = "Volume, Variety and Velocity in Data Science",
issn = "0950-7051",
doi = "https://doi.org/10.1016/j.knosys.2016.06.012",
url = "http://www.sciencedirect.com/science/article/pii/S0950705116301757",
author = "Jesus Maillo and Sergio Ramírez and Isaac Triguero and Francisco Herrera",
keywords = "K-nearest neighbors, Big data, Apache Hadoop, Apache Spark, MapReduce"
}
@article{JOHNSON2001311,
title = "A case study in the integration of accident reports and constructivedesign documents",
journal = "Reliability Engineering & System Safety",
volume = "71",
number = "3",
pages = "311 - 326",
year = "2001",
issn = "0951-8320",
doi = "https://doi.org/10.1016/S0951-8320(00)00082-X",
url = "http://www.sciencedirect.com/science/article/pii/S095183200000082X",
author = "C Johnson",
keywords = "Design documents, Tool support, Accident reports"
}
@article{MARCON2011714,
title = "CAFES: A framework for intrachip application modeling and communication architecture design",
journal = "Journal of Parallel and Distributed Computing",
volume = "71",
number = "5",
pages = "714 - 728",
year = "2011",
note = "Networks-on-Chip",
issn = "0743-7315",
doi = "https://doi.org/10.1016/j.jpdc.2010.10.002",
url = "http://www.sciencedirect.com/science/article/pii/S0743731510002005",
author = "César Marcon and Ney Calazans and Edson Moreno and Fernando Moraes and Fabiano Hessel and Altamiro Susin",
keywords = "NoC, Application mapping, Design framework"
}
@article{HUESO20101120,
title = "The Planetary Laboratory for Image Analysis (PLIA)",
journal = "Advances in Space Research",
volume = "46",
number = "9",
pages = "1120 - 1138",
year = "2010",
issn = "0273-1177",
doi = "https://doi.org/10.1016/j.asr.2010.05.016",
url = "http://www.sciencedirect.com/science/article/pii/S0273117710003480",
author = "Ricardo Hueso and J. Legarreta and J.F. Rojas and J. Peralta and S. Pérez-Hoyos and T. del Río-Gaztelurrutia and A. Sánchez-Lavega",
keywords = "Planetary atmospheres, Software, Jupiter, Saturn, Venus"
}
@incollection{OBRIEN1993289,
title = "Integrating Research and Teaching",
editor = "B.Z. BARTA and S.L. HUNG and K.R. COX",
booktitle = "Software Engineering Education",
publisher = "Elsevier",
address = "Amsterdam",
pages = "289 - 294",
year = "1993",
series = "IFIP Transactions A: Computer Science and Technology",
isbn = "978-0-444-81597-2",
doi = "https://doi.org/10.1016/B978-0-444-81597-2.50035-8",
url = "http://www.sciencedirect.com/science/article/pii/B9780444815972500358",
author = "F. O'Brien"
}
@article{CHAKRABORTY2007858,
title = "A fuzzy clustering methodology for linguistic opinions in group decision making",
journal = "Applied Soft Computing",
volume = "7",
number = "3",
pages = "858 - 869",
year = "2007",
issn = "1568-4946",
doi = "https://doi.org/10.1016/j.asoc.2006.02.006",
url = "http://www.sciencedirect.com/science/article/pii/S1568494606000330",
author = "Chandan Chakraborty and Debjani Chakraborty",
keywords = "Linguistic opinion, Fuzzy number, Fuzzy distance, Fuzzy clustering technique, OWA operator"
}
@article{SHI2016250,
title = "An empirical model to predict the performance of typical solar chimneys considering both room and cavity configurations",
journal = "Building and Environment",
volume = "103",
pages = "250 - 261",
year = "2016",
issn = "0360-1323",
doi = "https://doi.org/10.1016/j.buildenv.2016.04.024",
url = "http://www.sciencedirect.com/science/article/pii/S0360132316301457",
author = "Long Shi and Guomin Zhang",
keywords = "Solar chimney, Natural ventilation, Computational fluid dynamics, Parametric analysis, Thermal buoyancy, Empirical model"
}
@article{PENDHARKAR200461,
title = "An exploratory study of object-oriented software component size determinants and the application of regression tree forecasting models",
journal = "Information & Management",
volume = "42",
number = "1",
pages = "61 - 73",
year = "2004",
issn = "0378-7206",
doi = "https://doi.org/10.1016/j.im.2003.12.004",
url = "http://www.sciencedirect.com/science/article/pii/S0378720604000060",
author = "Parag C. Pendharkar",
keywords = "Software engineering, Software size, Data mining, Forecasting, Classification and regression tree"
}
@article{BELLEAU2008706,
title = "Bio2RDF: Towards a mashup to build bioinformatics knowledge systems",
journal = "Journal of Biomedical Informatics",
volume = "41",
number = "5",
pages = "706 - 716",
year = "2008",
note = "Semantic Mashup of Biomedical Data",
issn = "1532-0464",
doi = "https://doi.org/10.1016/j.jbi.2008.03.004",
url = "http://www.sciencedirect.com/science/article/pii/S1532046408000415",
author = "François Belleau and Marc-Alexandre Nolin and Nicole Tourigny and Philippe Rigault and Jean Morissette",
keywords = "Knowledge integration, Bioinformatics database, Semantic web, Mashup, Ontology"
}
@article{JANG2008729,
title = "Wireless sensor networks as part of a web-based building environmental monitoring system",
journal = "Automation in Construction",
volume = "17",
number = "6",
pages = "729 - 736",
year = "2008",
issn = "0926-5805",
doi = "https://doi.org/10.1016/j.autcon.2008.02.001",
url = "http://www.sciencedirect.com/science/article/pii/S0926580508000174",
author = "Won-Suk Jang and William M. Healy and Mirosław J. Skibniewski",
keywords = "Wireless sensor networks, Building monitoring, Sensor database, Motes"
}
@article{KIM2007417,
title = "Managing requirements conflicts in software product lines: A goal and scenario based approach",
journal = "Data & Knowledge Engineering",
volume = "61",
number = "3",
pages = "417 - 432",
year = "2007",
note = "Advances on Natural Language Processing",
issn = "0169-023X",
doi = "https://doi.org/10.1016/j.datak.2006.06.009",
url = "http://www.sciencedirect.com/science/article/pii/S0169023X06001121",
author = "Minseong Kim and Sooyong Park and Vijayan Sugumaran and Hwasil Yang",
keywords = "Requirements conflicts, Software product line, Goal and scenario authoring, Requirements partitioning, Syntactic and semantic requirements conflict detection"
}
@article{VANDEMEENT20141327,
title = "Empirical Bayes Methods Enable Advanced Population-Level Analyses of Single-Molecule FRET Experiments",
journal = "Biophysical Journal",
volume = "106",
number = "6",
pages = "1327 - 1337",
year = "2014",
issn = "0006-3495",
doi = "https://doi.org/10.1016/j.bpj.2013.12.055",
url = "http://www.sciencedirect.com/science/article/pii/S000634951400143X",
author = "Jan-Willem van de Meent and Jonathan E. Bronson and Chris H. Wiggins and Ruben L. Gonzalez"
}
@article{AZZEH2016981,
title = "A hybrid model for estimating software project effort from Use Case Points",
journal = "Applied Soft Computing",
volume = "49",
pages = "981 - 989",
year = "2016",
issn = "1568-4946",
doi = "https://doi.org/10.1016/j.asoc.2016.05.008",
url = "http://www.sciencedirect.com/science/article/pii/S1568494616302095",
author = "Mohammad Azzeh and Ali Bou Nassif",
keywords = "Effort estimation, Use Case Points, Radial basis neural networks, Support vector machine"
}
@article{WILDE19893,
title = "The maintenance assistant: Work in progress",
journal = "Journal of Systems and Software",
volume = "9",
number = "1",
pages = "3 - 17",
year = "1989",
issn = "0164-1212",
doi = "https://doi.org/10.1016/0164-1212(89)90003-4",
url = "http://www.sciencedirect.com/science/article/pii/0164121289900034",
author = "Norman Wilde and Stephen M Thebaut"
}
@article{ROBBINS200079,
title = "Cognitive support, UML adherence, and XMI interchange in Argo/UML",
journal = "Information and Software Technology",
volume = "42",
number = "2",
pages = "79 - 89",
year = "2000",
issn = "0950-5849",
doi = "https://doi.org/10.1016/S0950-5849(99)00083-X",
url = "http://www.sciencedirect.com/science/article/pii/S095058499900083X",
author = "J.E Robbins and D.F Redmiles",
keywords = "UML, XMI, Cognitive support, Open-source software"
}
@article{LEE1994295,
title = "PM-Net: a software project management representation model",
journal = "Information and Software Technology",
volume = "36",
number = "5",
pages = "295 - 308",
year = "1994",
issn = "0950-5849",
doi = "https://doi.org/10.1016/0950-5849(94)90085-X",
url = "http://www.sciencedirect.com/science/article/pii/095058499490085X",
author = "Kuen-Ching Lee and Iuan-Yuan Lu and Hsin-Hui Lin",
keywords = "DesignNet, Petri net, project progress, project schedule, software project management"
}
@article{FRENCH201617,
title = "Conceptualising and mapping coupled estuary, coast and inner shelf sediment systems",
journal = "Geomorphology",
volume = "256",
pages = "17 - 35",
year = "2016",
note = "Simulating Decadal Coastal Morphodynamics",
issn = "0169-555X",
doi = "https://doi.org/10.1016/j.geomorph.2015.10.006",
url = "http://www.sciencedirect.com/science/article/pii/S0169555X15301719",
author = "Jon French and Helene Burningham and Gillian Thornhill and Richard Whitehouse and Robert J. Nicholls",
keywords = "Coastal geomorphology, Systems theory, Knowledge formalisation, Participatory modelling"
}
@article{LAWS2017627,
title = "On the utility death spiral and the impact of utility rate structures on the adoption of residential solar photovoltaics and energy storage",
journal = "Applied Energy",
volume = "185",
pages = "627 - 641",
year = "2017",
issn = "0306-2619",
doi = "https://doi.org/10.1016/j.apenergy.2016.10.123",
url = "http://www.sciencedirect.com/science/article/pii/S0306261916315732",
author = "Nicholas D. Laws and Brenden P. Epps and Steven O. Peterson and Mark S. Laser and G. Kamau Wanjiru",
keywords = "Utility death spiral, Distributed generation, Residential solar PV, Residential energy storage, Renewable energy"
}
@article{NG2017939,
title = "A Master Data Management Solution to Unlock the Value of Big Infrastructure Data for Smart, Sustainable and Resilient City Planning",
journal = "Procedia Engineering",
volume = "196",
pages = "939 - 947",
year = "2017",
note = "Creative Construction Conference 2017, CCC 2017, 19-22 June 2017, Primosten, Croatia",
issn = "1877-7058",
doi = "https://doi.org/10.1016/j.proeng.2017.08.034",
url = "http://www.sciencedirect.com/science/article/pii/S1877705817331569",
author = "S. Thomas Ng and Frank J. Xu and Yifan Yang and Mengxue Lu",
keywords = "Big data, integrated infrastructure asset management, master data management, smart city, smart infrastructure"
}
@article{STORK201760,
title = "Dynamic analysis environment for nuclear forensic analyses",
journal = "Computer Physics Communications",
volume = "210",
pages = "60 - 71",
year = "2017",
issn = "0010-4655",
doi = "https://doi.org/10.1016/j.cpc.2016.09.019",
url = "http://www.sciencedirect.com/science/article/pii/S0010465516302909",
author = "C.L. Stork and C.C. Ummel and D.S. Stuart and S. Bodily and B.L. Goldblum",
keywords = "Nuclear forensics, Principal component analysis,  nearest neighbors algorithm"
}
@article{LU200981,
title = "Improvement of a computer-based surveyor-training tool using a user-centered approach",
journal = "Advanced Engineering Informatics",
volume = "23",
number = "1",
pages = "81 - 92",
year = "2009",
issn = "1474-0346",
doi = "https://doi.org/10.1016/j.aei.2008.07.001",
url = "http://www.sciencedirect.com/science/article/pii/S147403460800058X",
author = "Cho-Chien Lu and Shih-Chung Kang and Shang-Hsien Hsieh and Ruei-Shiue Shiu",
keywords = "Iterative and incremental development, User-centered design, Software engineering, Surveyor-training, Engineering education, Computer-aided instruction"
}
@article{POWELL1999151,
title = "Strategies for lifecycle concurrency and iteration – A system dynamics approach",
journal = "Journal of Systems and Software",
volume = "46",
number = "2",
pages = "151 - 161",
year = "1999",
issn = "0164-1212",
doi = "https://doi.org/10.1016/S0164-1212(99)00008-4",
url = "http://www.sciencedirect.com/science/article/pii/S0164121299000084",
author = "Antony Powell and Keith Mander and Duncan Brown",
keywords = "Lifecycle concurrency, Iteration, System dynamics, Cycle-time acceleration, Incremental development"
}
@article{GRZYWACZEWSKI20121204,
title = "Task-specific information retrieval systems for software engineers",
journal = "Journal of Computer and System Sciences",
volume = "78",
number = "4",
pages = "1204 - 1218",
year = "2012",
issn = "0022-0000",
doi = "https://doi.org/10.1016/j.jcss.2011.10.009",
url = "http://www.sciencedirect.com/science/article/pii/S0022000011001152",
author = "Adam Grzywaczewski and Rahat Iqbal",
keywords = "Domain-specific information retrieval, Implicit feedback, Collaborative filtering, Contextualization of information retrieval"
}
@article{PINTO20132472,
title = "Operating System from the Scratch: A Problem-based Learning Approach for the Emerging Demands on OS Development",
journal = "Procedia Computer Science",
volume = "18",
pages = "2472 - 2481",
year = "2013",
note = "2013 International Conference on Computational Science",
issn = "1877-0509",
doi = "https://doi.org/10.1016/j.procs.2013.05.424",
url = "http://www.sciencedirect.com/science/article/pii/S187705091300567X",
author = "Renê S. Pinto and Pedro Nobile and Edwin Mamani and Lourenço P. Júnior and Helder J.F. Luz and Francisco J. Monaco",
keywords = "Operating Systems, Computer Science Education, Problem-based learning"
}
@article{BATAREKH1991285,
title = "Specifying an expert system",
journal = "Expert Systems with Applications",
volume = "2",
number = "4",
pages = "285 - 303",
year = "1991",
issn = "0957-4174",
doi = "https://doi.org/10.1016/0957-4174(91)90036-E",
url = "http://www.sciencedirect.com/science/article/pii/095741749190036E",
author = "Aïda Batarekh and Alun D. Preece and Anne Bennett and Peter Grogono"
}
@article{PU201455,
title = "Efficient incremental update and querying in AWETO RDF storage system",
journal = "Data & Knowledge Engineering",
volume = "89",
pages = "55 - 75",
year = "2014",
issn = "0169-023X",
doi = "https://doi.org/10.1016/j.datak.2013.11.003",
url = "http://www.sciencedirect.com/science/article/pii/S0169023X13001304",
author = "Xu Pu and Jianyong Wang and Zhenhua Song and Ping Luo and Min Wang",
keywords = "Indexing methods, AWETO, RDF, Incremental update, Query"
}
@article{GELLERSEN19971429,
title = "WebComposition: an object-oriented support system for the Web engineering lifecycle",
journal = "Computer Networks and ISDN Systems",
volume = "29",
number = "8",
pages = "1429 - 1437",
year = "1997",
note = "Papers from the Sixth International World Wide Web Conference",
issn = "0169-7552",
doi = "https://doi.org/10.1016/S0169-7552(97)00038-X",
url = "http://www.sciencedirect.com/science/article/pii/S016975529700038X",
author = "Hans-Werner Gellersen and Robert Wicke and Martin Gaedke",
keywords = "World Wide Web, Software engineering, Web application maintenance, Object-orientation"
}
@article{DAHLQUIST20171055,
title = "Experimental and numerical investigation of pellet and black liquor gasification for polygeneration plant",
journal = "Applied Energy",
volume = "204",
pages = "1055 - 1064",
year = "2017",
issn = "0306-2619",
doi = "https://doi.org/10.1016/j.apenergy.2017.05.008",
url = "http://www.sciencedirect.com/science/article/pii/S0306261917305007",
author = "Erik Dahlquist and Muhammad Naqvi and Eva Thorin and Jinyue Yan and Konstantinos Kyprianidis and Philip Hartwell",
keywords = "Pellets, Black liquor, Modelica, Gasification, Synthesis gas, Polygeneration, CHP"
}
@article{PSARAS2009888,
title = "On the properties of an adaptive TCP Minimum RTO",
journal = "Computer Communications",
volume = "32",
number = "5",
pages = "888 - 895",
year = "2009",
issn = "0140-3664",
doi = "https://doi.org/10.1016/j.comcom.2008.12.025",
url = "http://www.sciencedirect.com/science/article/pii/S0140366408006610",
author = "Ioannis Psaras and Vassilis Tsaoussidis",
keywords = "TCP, Congestion control, Retransmission Timeout, Flow contention, Packet scheduling"
}
@article{KESSELMEIER1997133,
title = "The Re-Engineering of Complex Software Systems",
journal = "IFAC Proceedings Volumes",
volume = "30",
number = "24",
pages = "133 - 136",
year = "1997",
note = "6th IFAC Symposium on Automated Systems Based on Human Skill 1997 (Joint Design of Technology and Organisation), Kranjska gora, Slovenia, 17-19 September",
issn = "1474-6670",
doi = "https://doi.org/10.1016/S1474-6670(17)42241-5",
url = "http://www.sciencedirect.com/science/article/pii/S1474667017422415",
author = "Horst Kesselmeier and Inga Tschiersch and Sebastian Kutscha"
}
@article{ALEGROTH201666,
title = "Maintenance of automated test suites in industry: An empirical study on Visual GUI Testing",
journal = "Information and Software Technology",
volume = "73",
pages = "66 - 80",
year = "2016",
issn = "0950-5849",
doi = "https://doi.org/10.1016/j.infsof.2016.01.012",
url = "http://www.sciencedirect.com/science/article/pii/S0950584916300118",
author = "Emil Alégroth and Robert Feldt and Pirjo Kolström",
keywords = "Visual GUI Testing, Maintenance, Return on investment, Empirical, Industrial"
}
@article{FILANNINO201519,
title = "Temporal expression extraction with extensive feature type selection and a posteriori label adjustment",
journal = "Data & Knowledge Engineering",
volume = "100",
pages = "19 - 33",
year = "2015",
issn = "0169-023X",
doi = "https://doi.org/10.1016/j.datak.2015.09.002",
url = "http://www.sciencedirect.com/science/article/pii/S0169023X15000725",
author = "Michele Filannino and Goran Nenadic",
keywords = "Text mining, Mining methods and algorithms, Data mining"
}
@article{MUJHID201781,
title = "A search engine for finding and reusing architecturally significant code",
journal = "Journal of Systems and Software",
volume = "130",
pages = "81 - 93",
year = "2017",
issn = "0164-1212",
doi = "https://doi.org/10.1016/j.jss.2016.11.034",
url = "http://www.sciencedirect.com/science/article/pii/S0164121216302345",
author = "Ibrahim Jameel Mujhid and Joanna C. S. Santos and Raghuram Gopalakrishnan and Mehdi Mirakhorli",
keywords = "Architecture, Traceability, Tactics, Information, Models"
}
@article{REIS2015149,
title = "Delivery of a urology online course using moodle versus didactic lectures methods",
journal = "International Journal of Medical Informatics",
volume = "84",
number = "2",
pages = "149 - 154",
year = "2015",
issn = "1386-5056",
doi = "https://doi.org/10.1016/j.ijmedinf.2014.11.001",
url = "http://www.sciencedirect.com/science/article/pii/S1386505614002160",
author = "Leonardo Oliveira Reis and Osamu Ikari and Khaled A. Taha-Neto and Antonio Gugliotta and Fernandes Denardi",
keywords = "Medical teaching, Virtual programs, Student-centered, Electronic problem-based learning, Deep approach, Personalized learning, Peer assisted learning"
}
@article{SCHROEDER2011180,
title = "A contract-based approach to adaptivity",
journal = "The Journal of Logic and Algebraic Programming",
volume = "80",
number = "3",
pages = "180 - 193",
year = "2011",
note = "Formal Languages and Analysis of Contract-Oriented Software",
issn = "1567-8326",
doi = "https://doi.org/10.1016/j.jlap.2010.09.001",
url = "http://www.sciencedirect.com/science/article/pii/S1567832610000901",
author = "Andreas Schroeder and Sebastian S. Bauer and Martin Wirsing",
keywords = "Component-based software engineering, Reconfiguration, Assume–guarantee contracts, Real-time temporal logic, Pervasive computing"
}
@incollection{MENDYK201339,
title = "3 - ME_expert 2.0: a heuristic decision support system for microemulsions formulation development",
editor = "J.E. Aguilar",
booktitle = "Formulation Tools for Pharmaceutical Development",
publisher = "Woodhead Publishing",
pages = "39 - 71",
year = "2013",
series = "Woodhead Publishing Series in Biomedicine",
isbn = "978-1-907568-99-2",
doi = "https://doi.org/10.1533/9781908818508.39",
url = "http://www.sciencedirect.com/science/article/pii/B9781907568992500037",
author = "Aleksander Mendyk and Jakub Szlȩk and Renata Jachowicz",
keywords = "artificial neural networks, random forest, molecular descriptors, decision support system, ensemble systems, microemulsions"
}
@article{RECUERO201739,
title = "A high-fidelity approach for vehicle mobility simulation: Nonlinear finite element tires operating on granular material",
journal = "Journal of Terramechanics",
volume = "72",
pages = "39 - 54",
year = "2017",
issn = "0022-4898",
doi = "https://doi.org/10.1016/j.jterra.2017.04.002",
url = "http://www.sciencedirect.com/science/article/pii/S0022489816301173",
author = "Antonio Recuero and Radu Serban and Bryan Peterson and Hiroyuki Sugiyama and Paramsothy Jayakumar and Dan Negrut",
keywords = "Mobility, Off-road vehicle dynamics, Nonlinear finite element, ANCF, Discrete element method, , Co-simulation, High-performance computing"
}
@article{BARNES2006149,
title = "Geographical intelligence: American geographers and research and analysis in the Office of Strategic Services 1941–1945",
journal = "Journal of Historical Geography",
volume = "32",
number = "1",
pages = "149 - 168",
year = "2006",
issn = "0305-7488",
doi = "https://doi.org/10.1016/j.jhg.2005.06.001",
url = "http://www.sciencedirect.com/science/article/pii/S0305748805000757",
author = "Trevor J. Barnes"
}
@article{YASKAWA20031083,
title = "The application of intelligent agent technology to simulation",
journal = "Mathematical and Computer Modelling",
volume = "37",
number = "9",
pages = "1083 - 1092",
year = "2003",
issn = "0895-7177",
doi = "https://doi.org/10.1016/S0895-7177(03)00120-1",
url = "http://www.sciencedirect.com/science/article/pii/S0895717703001201",
author = "S. Yaskawa and A. Sakata",
keywords = "Intelligent agent technology, Simulation, Parallel programming, Modeling, Complexity"
}
@article{JORGENSEN20131640,
title = "The influence of selection bias on effort overruns in software development projects",
journal = "Information and Software Technology",
volume = "55",
number = "9",
pages = "1640 - 1650",
year = "2013",
issn = "0950-5849",
doi = "https://doi.org/10.1016/j.infsof.2013.03.001",
url = "http://www.sciencedirect.com/science/article/pii/S0950584913000633",
author = "Magne Jørgensen",
keywords = "Effort estimation, Effort overrun, Selection bias, Winner’s curse"
}
@article{RUNGE19867,
title = "Quantitative Assessment of Safe and Reliable Software",
journal = "IFAC Proceedings Volumes",
volume = "19",
number = "11",
pages = "7 - 11",
year = "1986",
note = "5th IFAC Workshop on Safety of Computer Control Systems 1986 (SAFECOMP '86). Trends in Safe Real Time Computer Systems, Sarlat, France, 14-17 October, 1986",
issn = "1474-6670",
doi = "https://doi.org/10.1016/B978-0-08-034801-8.50007-6",
url = "http://www.sciencedirect.com/science/article/pii/B9780080348018500076",
author = "B. Runge",
keywords = "Standards, Software attributes, Software measures (metrics), Assessment of software, Safe software systems, Software engineering, Expert Systems"
}
@article{WANG2016372,
title = "Two-Step Reactivation of Dormant Cones in Retinitis Pigmentosa",
journal = "Cell Reports",
volume = "15",
number = "2",
pages = "372 - 385",
year = "2016",
issn = "2211-1247",
doi = "https://doi.org/10.1016/j.celrep.2016.03.022",
url = "http://www.sciencedirect.com/science/article/pii/S2211124716302637",
author = "Wei Wang and Sang Joon Lee and Patrick A. Scott and Xiaoqin Lu and Douglas Emery and Yongqin Liu and Toshihiko Ezashi and Michael R. Roberts and Jason W. Ross and Henry J. Kaplan and Douglas C. Dean"
}
@article{VIINIKKALA200639,
title = "SERVICE ORIENTED SEMANTICS IN INDUSTRIAL OPERATION AND MAINTENANCE",
journal = "IFAC Proceedings Volumes",
volume = "39",
number = "3",
pages = "39 - 44",
year = "2006",
note = "12th IFAC Symposium on Information Control Problems in Manufacturing",
issn = "1474-6670",
doi = "https://doi.org/10.3182/20060517-3-FR-2903.00026",
url = "http://www.sciencedirect.com/science/article/pii/S1474667015357463",
author = "Mika Viinikkala and Seppo Kuikka",
keywords = "Manufacturing, Systems integration, Information integration, Intelligence, Maintenance, Co-operation, Software engineering"
}
@article{KEHRLE201111907,
title = "Optimal control of Formula 1 race cars in a VDrift based virtual environment",
journal = "IFAC Proceedings Volumes",
volume = "44",
number = "1",
pages = "11907 - 11912",
year = "2011",
note = "18th IFAC World Congress",
issn = "1474-6670",
doi = "https://doi.org/10.3182/20110828-6-IT-1002.02954",
url = "http://www.sciencedirect.com/science/article/pii/S1474667016455291",
author = "Florian Kehrle and Janick V. Frasch and Christian Kirches and Sebastian Sager"
}
@incollection{FAIRCLOTH2011141,
title = "Chapter 4 - Client-side attacks and human weaknesses",
editor = "Jeremy Faircloth",
booktitle = "Penetration Tester's Open Source Toolkit (Third Edition)",
publisher = "Syngress",
edition = "Third Edition",
address = "Boston",
pages = "141 - 188",
year = "2011",
isbn = "978-1-59749-627-8",
doi = "https://doi.org/10.1016/B978-1-59749-627-8.10004-2",
url = "http://www.sciencedirect.com/science/article/pii/B9781597496278100042",
author = "Jeremy Faircloth"
}
@article{HOLM2015304,
title = "A Bayesian network model for likelihood estimations of acquirement of critical software vulnerabilities and exploits",
journal = "Information and Software Technology",
volume = "58",
pages = "304 - 318",
year = "2015",
issn = "0950-5849",
doi = "https://doi.org/10.1016/j.infsof.2014.07.001",
url = "http://www.sciencedirect.com/science/article/pii/S0950584914001554",
author = "Hannes Holm and Matus Korman and Mathias Ekstedt",
keywords = "Cyber security, Vulnerabilities, Exploits, Statistical model, Security metrics"
}
@article{JEMIELNIAK2009277,
title = "Time as symbolic currency in knowledge work",
journal = "Information and Organization",
volume = "19",
number = "4",
pages = "277 - 293",
year = "2009",
issn = "1471-7727",
doi = "https://doi.org/10.1016/j.infoandorg.2009.08.002",
url = "http://www.sciencedirect.com/science/article/pii/S1471772709000311",
author = "Dariusz Jemielniak",
keywords = "Knowledge-intensive work, Time management, Software engineers’ culture, Professions, High-tech, Schedules, Software delays"
}
@article{HAIKALA199091,
title = "Sofko: a special project manager education programme",
journal = "Education and Computing",
volume = "6",
number = "1",
pages = "91 - 95",
year = "1990",
note = "Proceedings of the IFIP TC 3/WG 3.4 Working Conference",
issn = "0167-9287",
doi = "https://doi.org/10.1016/S0167-9287(05)80053-6",
url = "http://www.sciencedirect.com/science/article/pii/S0167928705800536",
author = "Ilkka J. Haikala and Jukka Märijärvi",
keywords = "Training, Data processing professional, Software engineering, Project manager"
}
@article{NAKAMURA1990381,
title = "A New Energy Control System Using Real Time Expert Systems",
journal = "IFAC Proceedings Volumes",
volume = "23",
number = "3",
pages = "381 - 386",
year = "1990",
note = "6th IFAC/IFIP/IFORS/IMACS Symposium on Information Control Problems in Manufacturing Technology 1989, Madrid, Spain, 26-29 September",
issn = "1474-6670",
doi = "https://doi.org/10.1016/S1474-6670(17)52587-2",
url = "http://www.sciencedirect.com/science/article/pii/S1474667017525872",
author = "S. Nakamura and M. Yoshino and T. Yamada and T. Goto and Y. Hanji",
keywords = "Steel industry, Energy control, Energy planning, LD-gas distribution control, Local area network, Expert systems, Real time computer systems, Software development"
}
@article{SUTCLIFFE2006273,
title = "Comparing requirements analysis methods for developing reusable component libraries",
journal = "Journal of Systems and Software",
volume = "79",
number = "2",
pages = "273 - 289",
year = "2006",
issn = "0164-1212",
doi = "https://doi.org/10.1016/j.jss.2005.06.027",
url = "http://www.sciencedirect.com/science/article/pii/S0164121205001251",
author = "Alistair Sutcliffe and George Papamargaritis and Liping Zhao",
keywords = "Requirements specification, Reuse, Domain analysis, Generic models, Problem frames"
}
@article{GHOSH2012542,
title = "Complex compound option models – Can practitioners truly operationalize them?",
journal = "European Journal of Operational Research",
volume = "222",
number = "3",
pages = "542 - 552",
year = "2012",
issn = "0377-2217",
doi = "https://doi.org/10.1016/j.ejor.2012.05.007",
url = "http://www.sciencedirect.com/science/article/pii/S0377221712003542",
author = "Suvankar Ghosh and Marvin D. Troutt",
keywords = "Cost-benefit analysis, Investment analysis, Real options, Compound options, Decision-making, Practitioner relevance"
}
@article{COFINO2017,
title = "The ECOMS User Data Gateway: Towards seasonal forecast data provision and research reproducibility in the era of Climate Services",
journal = "Climate Services",
year = "2017",
issn = "2405-8807",
doi = "https://doi.org/10.1016/j.cliser.2017.07.001",
url = "http://www.sciencedirect.com/science/article/pii/S2405880717300079",
author = "A.S. Cofiño and J. Bedia and M. Iturbide and M. Vega and S. Herrera and J. Fernández and M.D. Frías and R. Manzanas and J.M. Gutiérrez",
keywords = "Seasonal forecasting, Open science, THREDDS, Reproducibility, R software, Bias adjustment, Downscaling, Validation"
}
@article{LITTLE2011477,
title = "Steps and Bumps: Precision Extraction of Discrete States of Molecular Machines",
journal = "Biophysical Journal",
volume = "101",
number = "2",
pages = "477 - 485",
year = "2011",
issn = "0006-3495",
doi = "https://doi.org/10.1016/j.bpj.2011.05.070",
url = "http://www.sciencedirect.com/science/article/pii/S0006349511007053",
author = "Max A. Little and Bradley C. Steel and Fan Bai and Yoshiyuki Sowa and Thomas Bilyard and David M. Mueller and Richard M. Berry and Nick S. Jones"
}
@article{HOYLAND201237,
title = "RQ-Tech, A Strategic-Level Approach for Conceptualizing Enterprise Architectures",
journal = "Procedia Computer Science",
volume = "12",
pages = "37 - 42",
year = "2012",
note = "Complex Adaptive Systems 2012",
issn = "1877-0509",
doi = "https://doi.org/10.1016/j.procs.2012.09.026",
url = "http://www.sciencedirect.com/science/article/pii/S1877050912006175",
author = "Christine A. Hoyland",
keywords = "Enterprise Architectures, System of Systems, Complex Systems"
}
@article{MA201226,
title = "Modeling fuzzy information in UML class diagrams and object-oriented database models",
journal = "Fuzzy Sets and Systems",
volume = "186",
number = "1",
pages = "26 - 46",
year = "2012",
note = "Theme: Logic and computer science",
issn = "0165-0114",
doi = "https://doi.org/10.1016/j.fss.2011.06.015",
url = "http://www.sciencedirect.com/science/article/pii/S0165011411003125",
author = "Z.M. Ma and Li Yan and Fu Zhang",
keywords = "Database modeling, Fuzzy information, UML class diagrams, Object-oriented database model"
}
@article{ABAS2018217,
title = "Solar-powered, wireless smart camera network: An IoT solution for outdoor video monitoring",
journal = "Computer Communications",
volume = "118",
pages = "217 - 233",
year = "2018",
issn = "0140-3664",
doi = "https://doi.org/10.1016/j.comcom.2018.01.007",
url = "http://www.sciencedirect.com/science/article/pii/S0140366417305236",
author = "Kevin Abas and Katia Obraczka and Leland Miller",
keywords = "Wireless camera networks, IoT, Outdoor video monitoring, Solar harvesting, Energy efficiency"
}
@article{CALISI2010605,
title = "Software Development for Networked Robot Systems",
journal = "IFAC Proceedings Volumes",
volume = "43",
number = "16",
pages = "605 - 610",
year = "2010",
note = "7th IFAC Symposium on Intelligent Autonomous Vehicles",
issn = "1474-6670",
doi = "https://doi.org/10.3182/20100906-3-IT-2019.00104",
url = "http://www.sciencedirect.com/science/article/pii/S1474667016351242",
author = "Daniele Calisi and Francesco Fedi and Alberto Leo and Daniele Nardi",
keywords = "Robotic software, Networked Robot Systems, System integration, Data distribution service, Middleware, Quality of Service (QoS)"
}
@article{GUNBY2017286,
title = "Embracing chemical and structural diversity with UCONGA: A universal conformer generation and analysis program",
journal = "Journal of Molecular Graphics and Modelling",
volume = "77",
pages = "286 - 294",
year = "2017",
issn = "1093-3263",
doi = "https://doi.org/10.1016/j.jmgm.2017.09.007",
url = "http://www.sciencedirect.com/science/article/pii/S1093326317305594",
author = "Nathaniel R. Gunby and Sarah L. Masters and Deborah L. Crittenden",
keywords = "Software, Molecular conformation, Computer simulation, Drug design, Structural chemistry, Inorganic chemistry"
}
@article{REICH20051,
title = "A framework for organizing the space of decision problems with application to solving subjective, context-dependent problems",
journal = "Decision Support Systems",
volume = "41",
number = "1",
pages = "1 - 19",
year = "2005",
issn = "0167-9236",
doi = "https://doi.org/10.1016/j.dss.2004.05.001",
url = "http://www.sciencedirect.com/science/article/pii/S016792360400096X",
author = "Yoram Reich and Adi Kapeliuk",
keywords = "Case-based reasoning, Software development, Influence knowledge graph, Decision problems characteristics, Clustering"
}
@article{RICHARDSON1990487,
title = "Obstacles to Shop-Floor CNC Programming in the United States",
journal = "IFAC Proceedings Volumes",
volume = "23",
number = "8, Part 6",
pages = "487 - 491",
year = "1990",
note = "11th IFAC World Congress on Automatic Control, Tallinn, 1990 - Volume 6, Tallinn, Finland",
issn = "1474-6670",
doi = "https://doi.org/10.1016/S1474-6670(17)51469-X",
url = "http://www.sciencedirect.com/science/article/pii/S147466701751469X",
author = "C. Richardson and L. Copeland and B. Wheeler",
keywords = "Computer Aided Manufacturing, Computer Numerical Control, Education, Numerical Control, Programming, Skill Based Automation, Software Development, Human Centered, Social Effects"
}
@article{PHILIP2015143,
title = "A parallel multi-domain solution methodology applied to nonlinear thermal transport problems in nuclear fuel pins",
journal = "Journal of Computational Physics",
volume = "286",
pages = "143 - 171",
year = "2015",
issn = "0021-9991",
doi = "https://doi.org/10.1016/j.jcp.2015.01.029",
url = "http://www.sciencedirect.com/science/article/pii/S0021999115000339",
author = "Bobby Philip and Mark A. Berrill and Srikanth Allu and Steven P. Hamilton and Rahul S. Sampath and Kevin T. Clarno and Gary A. Dilts",
keywords = "Inexact Newton, Jacobian free Newton Krylov, Krylov subspace method, Domain decomposition, Preconditioning, Iterative method, Parallel algorithm"
}
@article{LEE201414,
title = "A Dynamic Data Placement Strategy for Hadoop in Heterogeneous Environments",
journal = "Big Data Research",
volume = "1",
pages = "14 - 22",
year = "2014",
note = "Special Issue on Scalable Computing for Big Data",
issn = "2214-5796",
doi = "https://doi.org/10.1016/j.bdr.2014.07.002",
url = "http://www.sciencedirect.com/science/article/pii/S2214579614000033",
author = "Chia-Wei Lee and Kuang-Yu Hsieh and Sun-Yuan Hsieh and Hung-Chang Hsiao",
keywords = "MapReduce, Hadoop, Heterogeneous, Data placement"
}
@article{ANDREOPOULOS2007244,
title = "Clustering large software systems at multiple layers",
journal = "Information and Software Technology",
volume = "49",
number = "3",
pages = "244 - 254",
year = "2007",
note = "12th Working Conference on Reverse Engineering",
issn = "0950-5849",
doi = "https://doi.org/10.1016/j.infsof.2006.10.010",
url = "http://www.sciencedirect.com/science/article/pii/S0950584906001832",
author = "Bill Andreopoulos and Aijun An and Vassilios Tzerpos and Xiaogang Wang",
keywords = "Software clustering, Multiple layer, Categorical, MULIC, Graph"
}
@article{JARKE199085,
title = "A software process data model for knowledge engineering in information systems",
journal = "Information Systems",
volume = "15",
number = "1",
pages = "85 - 116",
year = "1990",
note = "Knowledge Engineering",
issn = "0306-4379",
doi = "https://doi.org/10.1016/0306-4379(90)90018-K",
url = "http://www.sciencedirect.com/science/article/pii/030643799090018K",
author = "Matthias Jarke and Manfred Jeusfeld and Thomas Rose",
keywords = "Software databases, software process models, information systems engineering, knowledge base management systems"
}
@article{JUNQUEDEFORTUNY201211616,
title = "Media coverage in times of political crisis: A text mining approach",
journal = "Expert Systems with Applications",
volume = "39",
number = "14",
pages = "11616 - 11622",
year = "2012",
issn = "0957-4174",
doi = "https://doi.org/10.1016/j.eswa.2012.04.013",
url = "http://www.sciencedirect.com/science/article/pii/S0957417412006100",
author = "Enric Junqué de Fortuny and Tom De Smedt and David Martens and Walter Daelemans",
keywords = "Politics, Sentiment mining, Opinion mining, Data mining, Coverage"
}
@article{SOROKINE2007685,
title = "Implementation of a parallel high-performance visualization technique in GRASS GIS",
journal = "Computers & Geosciences",
volume = "33",
number = "5",
pages = "685 - 695",
year = "2007",
issn = "0098-3004",
doi = "https://doi.org/10.1016/j.cageo.2006.09.008",
url = "http://www.sciencedirect.com/science/article/pii/S0098300406002044",
author = "Alexandre Sorokine",
keywords = "Geographic information systems, High-performance computing, Visualization, Open source software"
}
@article{GODFREY201586,
title = "Understanding software artifact provenance",
journal = "Science of Computer Programming",
volume = "97",
pages = "86 - 90",
year = "2015",
note = "Special Issue on New Ideas and Emerging Results in Understanding Software",
issn = "0167-6423",
doi = "https://doi.org/10.1016/j.scico.2013.11.021",
url = "http://www.sciencedirect.com/science/article/pii/S0167642313003055",
author = "Michael W. Godfrey",
keywords = "Software artifact provenance, Software analytics, Code cloning"
}
@article{CHENG1992153,
title = "Application of Intelligent Management System in Foreign Trade Contract",
journal = "IFAC Proceedings Volumes",
volume = "25",
number = "16",
pages = "153 - 158",
year = "1992",
note = "7th IFAC/IFORS/IIASA Symposium on Modelling and Control of national Economies 1992, Beijing, PCR, 18-20 August",
issn = "1474-6670",
doi = "https://doi.org/10.1016/S1474-6670(17)50068-3",
url = "http://www.sciencedirect.com/science/article/pii/S1474667017500683",
author = "Lin Lin Cheng and Xi Yuan Liu and Zhi Ming Chen and Ping Chen and Xue Feng Zheng and Xiao Chuan Pu and Hui Bing Li",
keywords = "Intelligent Management System (IMS), Foreign Trade Contract, Artificial Intelligence, Software Engineering, Computer Application"
}
@article{CAVALLUCCI2011251,
title = "An ontology for TRIZ",
journal = "Procedia Engineering",
volume = "9",
pages = "251 - 260",
year = "2011",
note = "Proceeding of the ETRIA World TRIZ Future Conference",
issn = "1877-7058",
doi = "https://doi.org/10.1016/j.proeng.2011.03.116",
url = "http://www.sciencedirect.com/science/article/pii/S1877705811001330",
author = "Denis Cavallucci and François Rousselot and Cécilia Zanni",
keywords = "TRIZ, Ontology, Software development, Knowledge representation"
}
@article{ONO2014461,
title = "Frontotemporal oxyhemoglobin dynamics predict performance accuracy of dance simulation gameplay: Temporal characteristics of top-down and bottom-up cortical activities",
journal = "NeuroImage",
volume = "85",
pages = "461 - 470",
year = "2014",
note = "Celebrating 20 Years of Functional Near Infrared Spectroscopy (fNIRS)",
issn = "1053-8119",
doi = "https://doi.org/10.1016/j.neuroimage.2013.05.071",
url = "http://www.sciencedirect.com/science/article/pii/S1053811913005715",
author = "Yumie Ono and Yasunori Nomoto and Shohei Tanaka and Keisuke Sato and Sotaro Shimada and Atsumichi Tachibana and Shaw Bronner and J. Adam Noah",
keywords = "fNIRS, Dance video game, Multisensory integration, Middle temporal gyrus, Frontopolar prefrontal cortex"
}
@incollection{THEUNISSEN199577,
title = "INTEGRATED DESIGN FOR RESEARCH ORIENTED SYSTEMS: THE SOFTWARE BOTTLENECK",
editor = "G. JOHANNSEN",
booktitle = "Integrated Systems Engineering",
publisher = "Pergamon",
address = "Oxford",
pages = "77 - 82",
year = "1995",
series = "IFAC Postprint Volume",
isbn = "978-0-08-042361-6",
doi = "https://doi.org/10.1016/B978-0-08-042361-6.50015-5",
url = "http://www.sciencedirect.com/science/article/pii/B9780080423616500155",
author = "E. THEUNISSEN"
}
@article{ALTMAN2014107,
title = "TRADER: A package for Tree Ring Analysis of Disturbance Events in R",
journal = "Dendrochronologia",
volume = "32",
number = "2",
pages = "107 - 112",
year = "2014",
issn = "1125-7865",
doi = "https://doi.org/10.1016/j.dendro.2014.01.004",
url = "http://www.sciencedirect.com/science/article/pii/S1125786514000058",
author = "J. Altman and P. Fibich and J. Dolezal and T. Aakala",
keywords = "Disturbance reconstruction, Growth release, R, Tree establishment, Growth pattern, Tree-ring"
}
@article{MUNOZ20101188,
title = "A family of experiments to validate measures for UML activity diagrams of ETL processes in data warehouses",
journal = "Information and Software Technology",
volume = "52",
number = "11",
pages = "1188 - 1203",
year = "2010",
note = "Special Section on Best Papers PROMISE 2009",
issn = "0950-5849",
doi = "https://doi.org/10.1016/j.infsof.2010.06.003",
url = "http://www.sciencedirect.com/science/article/pii/S0950584910001023",
author = "Lilia Muñoz and Jose-Norberto Mazón and Juan Trujillo",
keywords = "ETL processes, Measure validation, Activity diagrams, Empirical software engineering, Data warehouse conceptual modeling, Quality"
}
@article{CANTONE1989527,
title = "A D-graph based approach for verifying response time of “critical” programs",
journal = "Microprocessing and Microprogramming",
volume = "27",
number = "1",
pages = "527 - 532",
year = "1989",
note = "Fifteenth EUROMICRO Symposium on Microprocessing and Microprogramming",
issn = "0165-6074",
doi = "https://doi.org/10.1016/0165-6074(89)90104-X",
url = "http://www.sciencedirect.com/science/article/pii/016560748990104X",
author = "G. Cantone and A. Esposito"
}
@article{PARNELL2016111,
title = "Joint palaeoclimate reconstruction from pollen data via forward models and climate histories",
journal = "Quaternary Science Reviews",
volume = "151",
pages = "111 - 126",
year = "2016",
issn = "0277-3791",
doi = "https://doi.org/10.1016/j.quascirev.2016.09.007",
url = "http://www.sciencedirect.com/science/article/pii/S0277379116303511",
author = "Andrew C. Parnell and John Haslett and James Sweeney and Thinh K. Doan and Judy R.M. Allen and Brian Huntley",
keywords = "Palaeoclimate reconstruction, Statistical modelling, Forward models, Climate histories, Joint inference, Palynology, Chronological uncertainty"
}
@article{VAUDEL201412,
title = "Introduction to opportunities and pitfalls in functional mass spectrometry based proteomics",
journal = "Biochimica et Biophysica Acta (BBA) - Proteins and Proteomics",
volume = "1844",
number = "1, Part A",
pages = "12 - 20",
year = "2014",
note = "Computational Proteomics in the Post-Identification Era",
issn = "1570-9639",
doi = "https://doi.org/10.1016/j.bbapap.2013.06.019",
url = "http://www.sciencedirect.com/science/article/pii/S1570963913002562",
author = "Marc Vaudel and Albert Sickmann and Lennart Martens",
keywords = "Proteomics, Data interpretation, Online resource, Pathway, Protein function, Quantification"
}
@article{WOLFERT2010389,
title = "Organizing information integration in agri-food—A method based on a service-oriented architecture and living lab approach",
journal = "Computers and Electronics in Agriculture",
volume = "70",
number = "2",
pages = "389 - 405",
year = "2010",
note = "Special issue on Information and Communication Technologies in Bio and Earth Sciences",
issn = "0168-1699",
doi = "https://doi.org/10.1016/j.compag.2009.07.015",
url = "http://www.sciencedirect.com/science/article/pii/S0168169909001458",
author = "J. Wolfert and C.N. Verdouw and C.M. Verloop and A.J.M. Beulens",
keywords = "Information integration, Service-oriented architecture (SOA), Business process management (BPM), Open innovation, Interoperability, Arable farming"
}
@article{ZHANG1991518,
title = "EMS: case study in methodology for designing knowledge-based systems and information systems",
journal = "Information and Software Technology",
volume = "33",
number = "7",
pages = "518 - 526",
year = "1991",
issn = "0950-5849",
doi = "https://doi.org/10.1016/0950-5849(91)90096-T",
url = "http://www.sciencedirect.com/science/article/pii/095058499190096T",
author = "Y Zhang and P Hitchcock",
keywords = "systems analysis, methodologies, formal methods, knowledge-based systems, Prolog"
}
@article{HEVNER1997867,
title = "Phase containment metrics for software quality improvement",
journal = "Information and Software Technology",
volume = "39",
number = "13",
pages = "867 - 877",
year = "1997",
issn = "0950-5849",
doi = "https://doi.org/10.1016/S0950-5849(97)00050-5",
url = "http://www.sciencedirect.com/science/article/pii/S0950584997000505",
author = "A.R. Hevner",
keywords = "Software metrics, Defects, Software development phases, Phase containment, Software quality"
}
@article{ADAMO201588,
title = "An automatic document processing system for medical data extraction",
journal = "Measurement",
volume = "61",
pages = "88 - 99",
year = "2015",
issn = "0263-2241",
doi = "https://doi.org/10.1016/j.measurement.2014.10.032",
url = "http://www.sciencedirect.com/science/article/pii/S0263224114005016",
author = "Francesco Adamo and Filippo Attivissimo and Attilio Di Nisio and Maurizio Spadavecchia",
keywords = "Medical data, Document image processing, Medical services, Performance evaluation"
}
@article{SCHOLZ2011369,
title = "StalAge – An algorithm designed for construction of speleothem age models",
journal = "Quaternary Geochronology",
volume = "6",
number = "3",
pages = "369 - 382",
year = "2011",
issn = "1871-1014",
doi = "https://doi.org/10.1016/j.quageo.2011.02.002",
url = "http://www.sciencedirect.com/science/article/pii/S1871101411000094",
author = "Denis Scholz and Dirk L. Hoffmann",
keywords = "Speleothem, Chronology, U-series dating, Age modelling, Software"
}
@article{CHANARON2015166,
title = "Advanced multi-physics simulation for reactor safety in the framework of the NURESAFE project",
journal = "Annals of Nuclear Energy",
volume = "84",
pages = "166 - 177",
year = "2015",
note = "Multi-Physics Modelling of LWR Static and Transient Behaviour",
issn = "0306-4549",
doi = "https://doi.org/10.1016/j.anucene.2014.12.013",
url = "http://www.sciencedirect.com/science/article/pii/S0306454914006616",
author = "Bruno Chanaron and Carol Ahnert and Nicolas Crouzet and Victor Sanchez and Nikola Kolev and Olivier Marchand and Soeren Kliem and Angel Papukchiev",
keywords = "NURESIM, SALOME, NURESAFE, Multi-physics, Multi-scale, Simulation platform"
}
@article{LUQI1999145,
title = "Preface: Volume 25",
journal = "Electronic Notes in Theoretical Computer Science",
volume = "25",
pages = "145 - 146",
year = "1999",
note = "The 1998 ARO/ONR/NSF/DARPA Monterey Workshop on Engineering Automation for Computer Basesd Systems",
issn = "1571-0661",
doi = "https://doi.org/10.1016/S1571-0661(05)80554-7",
url = "http://www.sciencedirect.com/science/article/pii/S1571066105805547",
author = " Luqi and Manfred Broy"
}
@article{BEYDOUN20119352,
title = "Development of a peer-to-peer information sharing system using ontologies",
journal = "Expert Systems with Applications",
volume = "38",
number = "8",
pages = "9352 - 9364",
year = "2011",
issn = "0957-4174",
doi = "https://doi.org/10.1016/j.eswa.2011.01.104",
url = "http://www.sciencedirect.com/science/article/pii/S0957417411001242",
author = "Ghassan Beydoun and Graham Low and Numi Tran and Paul Bogg",
keywords = "Multi-agent system, Methodology, Ontology, Problem solving methods, Validation"
}
@article{DIAZ20051,
title = "Generating domain representations using a relationship model",
journal = "Information Systems",
volume = "30",
number = "1",
pages = "1 - 19",
year = "2005",
issn = "0306-4379",
doi = "https://doi.org/10.1016/S0306-4379(03)00076-0",
url = "http://www.sciencedirect.com/science/article/pii/S0306437903000760",
author = "Irene Dı́az and Juan Llorens and Gonzalo Genova and J. Miguel Fuentes",
keywords = "Classification, Domain analysis, Filtering"
}
@article{ROJKO2011508,
title = "E-training in mechatronics using innovative remote laboratory",
journal = "Mathematics and Computers in Simulation",
volume = "82",
number = "3",
pages = "508 - 516",
year = "2011",
note = "6th Vienna International Conference on Mathematical Modelling",
issn = "0378-4754",
doi = "https://doi.org/10.1016/j.matcom.2010.10.017",
url = "http://www.sciencedirect.com/science/article/pii/S0378475410003241",
author = "A. Rojko and D. Hercog and K. Jezernik",
keywords = "Remote laboratories, Distance learning, E-training, Adult education, Mechatronics"
}
@article{PERSONS199595,
title = "The Safety-Critical Software Evaluation Assistant (SEA)*",
journal = "IFAC Proceedings Volumes",
volume = "28",
number = "25",
pages = "95 - 100",
year = "1995",
note = "2nd IFAC Workshop on Safety and Reliability in Emerging Control Technologies, Daytona Beach, USA, 1-3 November",
issn = "1474-6670",
doi = "https://doi.org/10.1016/S1474-6670(17)44830-0",
url = "http://www.sciencedirect.com/science/article/pii/S1474667017448300",
author = "Warren L. Persons",
keywords = "Artificial Intelligence (AI), Case-Based Reasoning (CBR), Evaluation, Knowledge Base, Knowledge-based system, Safety-Critical, Software Safety"
}
@article{VILACA2011435,
title = "A computational tool for the simulation and optimization of microbial strains accounting integrated metabolic/regulatory information",
journal = "Biosystems",
volume = "103",
number = "3",
pages = "435 - 441",
year = "2011",
issn = "0303-2647",
doi = "https://doi.org/10.1016/j.biosystems.2010.11.012",
url = "http://www.sciencedirect.com/science/article/pii/S0303264710002145",
author = "Paulo Vilaça and Isabel Rocha and Miguel Rocha",
keywords = "Metabolic engineering, Integrated models, Metabolic models, Regulatory models, Software tool, Open-source"
}