@article{XIE201221,
title = "Implementation and performance optimization of a parallel contour line generation algorithm",
journal = "Computers & Geosciences",
volume = "49",
pages = "21 - 28",
year = "2012",
issn = "0098-3004",
doi = "https://doi.org/10.1016/j.cageo.2012.06.011",
url = "http://www.sciencedirect.com/science/article/pii/S0098300412002063",
author = "Jibo Xie",
keywords = "DEM, Contour line, Parallel computing, Performance optimization"
}
@article{ATHANASIADIS20091264,
title = "A multi-agent system for meteorological radar data management and decision support",
journal = "Environmental Modelling & Software",
volume = "24",
number = "11",
pages = "1264 - 1273",
year = "2009",
issn = "1364-8152",
doi = "https://doi.org/10.1016/j.envsoft.2009.04.010",
url = "http://www.sciencedirect.com/science/article/pii/S1364815209001066",
author = "Ioannis N. Athanasiadis and Marios Milis and Pericles A. Mitkas and Silas C. Michaelides",
keywords = "Agent-oriented software engineering, Environmental management and decision-support systems, Doppler radar data monitoring, Assessment and reporting, Meteorology software applications, Distributed decision support"
}
@article{BABIKER1997363,
title = "A model for reengineering legacy expert systems to object-oriented architecture",
journal = "Expert Systems with Applications",
volume = "12",
number = "3",
pages = "363 - 371",
year = "1997",
issn = "0957-4174",
doi = "https://doi.org/10.1016/S0957-4174(96)00106-6",
url = "http://www.sciencedirect.com/science/article/pii/S0957417496001066",
author = "Elmamoun Babiker and Dick Simmons and Robert Shannon and Newton Ellis"
}
@incollection{SCAIFE2017113,
title = "Chapter 11 - Using Technology to Make More Digital Content Available to All",
editor = "David Baker and Wendy Evans",
booktitle = "The End of Wisdom?",
publisher = "Chandos Publishing",
pages = "113 - 117",
year = "2017",
isbn = "978-0-08-100142-4",
doi = "https://doi.org/10.1016/B978-0-08-100142-4.00011-7",
url = "http://www.sciencedirect.com/science/article/pii/B9780081001424000117",
author = "Bernard Scaife",
keywords = "Copyright, Digital resources, Digital Education Resource Archive (DERA), Open access, Open Government Licence (OGL), Risk management, Third-party rights clearance"
}
@article{BRAUN2003103,
title = "Transforming Object Oriented Models with BOTL",
journal = "Electronic Notes in Theoretical Computer Science",
volume = "72",
number = "3",
pages = "103 - 117",
year = "2003",
note = "GT-VMT'2002, Graph Transformation and Visual Modeling Techniques (First International Conference on Graph Transformation)",
issn = "1571-0661",
doi = "https://doi.org/10.1016/S1571-0661(04)80615-7",
url = "http://www.sciencedirect.com/science/article/pii/S1571066104806157",
author = "Peter Braun and Frank Marschall"
}
@incollection{MOTSCHNIGPITRIK199651,
title = "Language Features for the Interconnection of Software Components",
editor = "Marvin V. Zelkowitz",
series = "Advances in Computers",
publisher = "Elsevier",
volume = "43",
pages = "51 - 139",
year = "1996",
issn = "0065-2458",
doi = "https://doi.org/10.1016/S0065-2458(08)60642-7",
url = "http://www.sciencedirect.com/science/article/pii/S0065245808606427",
author = "Renate Motschnig-Pitrik and Roland T. Mittermeir"
}
@article{GAO20121216,
title = "A 3D interactive multi-object segmentation tool using local robust statistics driven active contours",
journal = "Medical Image Analysis",
volume = "16",
number = "6",
pages = "1216 - 1227",
year = "2012",
issn = "1361-8415",
doi = "https://doi.org/10.1016/j.media.2012.06.002",
url = "http://www.sciencedirect.com/science/article/pii/S1361841512000837",
author = "Yi Gao and Ron Kikinis and Sylvain Bouix and Martha Shenton and Allen Tannenbaum",
keywords = "Interactive segmentation, Open science, Multiple object segmentation, Active contours, Robust statistics"
}
@article{OUNI201755,
title = "Search-based software library recommendation using multi-objective optimization",
journal = "Information and Software Technology",
volume = "83",
pages = "55 - 75",
year = "2017",
issn = "0950-5849",
doi = "https://doi.org/10.1016/j.infsof.2016.11.007",
url = "http://www.sciencedirect.com/science/article/pii/S0950584916303652",
author = "Ali Ouni and Raula Gaikovina Kula and Marouane Kessentini and Takashi Ishio and Daniel M. German and Katsuro Inoue",
keywords = "Search-based software engineering, Software library, Software reuse, Multi-objective optimization"
}
@article{KAMOUN2012756,
title = "FADYRCOS, a semantic interoperability framework for collaborative model-based dynamic reconfiguration of networked services",
journal = "Computers in Industry",
volume = "63",
number = "8",
pages = "756 - 765",
year = "2012",
note = "Special Issue on Sustainable Interoperability: The Future of Internet Based Industrial Enterprises",
issn = "0166-3615",
doi = "https://doi.org/10.1016/j.compind.2012.08.007",
url = "http://www.sciencedirect.com/science/article/pii/S0166361512001261",
author = "Aymen Kamoun and Saïd Tazi and Khalil Drira",
keywords = "Collaboration, Interoperability, Semantic adaptation, Dynamic reconfiguration"
}
@article{DORADOVICENTE2013270,
title = "Comparing Planar Pocketing Tool Paths Via Acceleration Measurement",
journal = "Procedia Engineering",
volume = "63",
pages = "270 - 277",
year = "2013",
note = "The Manufacturing Engineering Society International Conference, MESIC 2013",
issn = "1877-7058",
doi = "https://doi.org/10.1016/j.proeng.2013.08.242",
url = "http://www.sciencedirect.com/science/article/pii/S1877705813014550",
author = "R. Dorado-Vicente and P. Romero-Carrillo and R. Lopez-Garcia and F.A. Diaz-Garrido",
keywords = "comparison, tool-path, acceleration, force."
}
@incollection{KANG1991183,
title = "Chapter 13 - Software methodology in the harsh light of economics",
editor = "Richard Veryard",
booktitle = "The Economics of Information Systems and Software",
publisher = "Butterworth-Heinemann",
pages = "183 - 203",
year = "1991",
isbn = "978-0-7506-1122-0",
doi = "https://doi.org/10.1016/B978-0-7506-1122-0.50020-8",
url = "http://www.sciencedirect.com/science/article/pii/B9780750611220500208",
author = "K.C. Kang and L.S. Levy"
}
@incollection{FORET1992111,
title = "The Schematic Programming Tool: An Application of A.I. to Software Engineering",
editor = " Society for Worldwide Interbank Financial Telecommunication S.C.",
booktitle = "Adaptive Intelligent Systems",
publisher = "Elsevier",
address = "Amsterdam",
pages = "111 - 119",
year = "1992",
isbn = "978-0-444-89838-8",
doi = "https://doi.org/10.1016/B978-0-444-89838-8.50012-6",
url = "http://www.sciencedirect.com/science/article/pii/B9780444898388500126",
author = "J.M. Forêt and R. Phelps and F. Ristori and W. Aerts"
}
@article{MOHAN2006650,
title = "Supporting dynamic group decision and negotiation processes: A traceability augmented peer-to-peer network approach",
journal = "Information & Management",
volume = "43",
number = "5",
pages = "650 - 662",
year = "2006",
issn = "0378-7206",
doi = "https://doi.org/10.1016/j.im.2006.04.001",
url = "http://www.sciencedirect.com/science/article/pii/S0378720606000449",
author = "Kannan Mohan and Peng Xu and Balasubramaniam Ramesh",
keywords = "Group decision and negotiation, Peer-to-peer networks, Traceability, Knowledge integration"
}
@article{SPINOLA2012759,
title = "Towards a framework to characterize ubiquitous software projects",
journal = "Information and Software Technology",
volume = "54",
number = "7",
pages = "759 - 785",
year = "2012",
issn = "0950-5849",
doi = "https://doi.org/10.1016/j.infsof.2012.01.009",
url = "http://www.sciencedirect.com/science/article/pii/S0950584912000304",
author = "Rodrigo Oliveira Spínola and Guilherme Horta Travassos",
keywords = "Ubiquitous computing, Software projects characterization, Systematic review, Experimental software engineering"
}
@article{DORNER200245,
title = "Synergies between interactive training simulations and digital storytelling: a component-based framework",
journal = "Computers & Graphics",
volume = "26",
number = "1",
pages = "45 - 55",
year = "2002",
issn = "0097-8493",
doi = "https://doi.org/10.1016/S0097-8493(01)00177-7",
url = "http://www.sciencedirect.com/science/article/pii/S0097849301001777",
author = "Ralf Dörner and Paul Grimm and Daniel F. Abawi"
}
@article{STEIN201079,
title = "The extensible open-source rigid and affine image registration module of the Medical Imaging Interaction Toolkit (MITK)",
journal = "Computer Methods and Programs in Biomedicine",
volume = "100",
number = "1",
pages = "79 - 86",
year = "2010",
issn = "0169-2607",
doi = "https://doi.org/10.1016/j.cmpb.2010.02.008",
url = "http://www.sciencedirect.com/science/article/pii/S0169260710000398",
author = "D. Stein and K.H. Fritzsche and M. Nolden and H.P. Meinzer and I. Wolf",
keywords = "Image registration, Image matching, Image alignment, Application, Framework"
}
@article{THEMISTOCLEOUS2017774,
title = "Model reconstruction for 3d vizualization of cultural heritage sites using open data from social media: The case study of Soli, Cyprus",
journal = "Journal of Archaeological Science: Reports",
volume = "14",
pages = "774 - 781",
year = "2017",
issn = "2352-409X",
doi = "https://doi.org/10.1016/j.jasrep.2016.08.045",
url = "http://www.sciencedirect.com/science/article/pii/S2352409X16305119",
author = "Kyriacos Themistocleous",
keywords = "Cultural heritage, Archaeology, Photogrammetry, Remote sensing, 3D model, Open source data"
}
@article{SCHASCHINGER1992221,
title = "Object-oriented analysis and modeling with the ESAstation",
journal = "Microprocessing and Microprogramming",
volume = "35",
number = "1",
pages = "221 - 227",
year = "1992",
note = "Software and Hardware: Specification and Design",
issn = "0165-6074",
doi = "https://doi.org/10.1016/0165-6074(92)90320-7",
url = "http://www.sciencedirect.com/science/article/pii/0165607492903207",
author = "Harald Schaschinger"
}
@article{TOLONEN2017237,
title = "Supply chain capability creation – The creation of the supply chain readiness for a new product during product development process",
journal = "International Journal of Production Economics",
volume = "194",
pages = "237 - 245",
year = "2017",
note = "Special Issue: Innovations in Production Economics",
issn = "0925-5273",
doi = "https://doi.org/10.1016/j.ijpe.2017.09.007",
url = "http://www.sciencedirect.com/science/article/pii/S0925527317302918",
author = "Arto Tolonen and Harri Haapasalo and Janne Harkonen and Jordan Verrollot",
keywords = "Supply chain process, New product development process, Supply chain capability creation process, Supply chain capability manager, Supply chain management"
}
@article{JOPKE199267,
title = "Specification of Real-Time Systems for Protection Tasks in Automated High-Speed Transportation Systems",
journal = "IFAC Proceedings Volumes",
volume = "25",
number = "11",
pages = "67 - 74",
year = "1992",
note = "IFAC Workshop on Real Time Programming (WRTP'92), Bruges, Belgium, 23-26 June 1992",
issn = "1474-6670",
doi = "https://doi.org/10.1016/S1474-6670(17)50126-3",
url = "http://www.sciencedirect.com/science/article/pii/S1474667017501263",
author = "K. Jopke and R. Knigge and E. Schnieder",
keywords = "Control system design, Describing functions, Real time computer systems, Safety proof, Software engineering, System analysis, Train control and protection"
}
@article{VILA20111650,
title = "Model-driven adaptation of question answering systems for ambient intelligence by integrating restricted-domain knowledge",
journal = "Procedia Computer Science",
volume = "4",
pages = "1650 - 1659",
year = "2011",
note = "Proceedings of the International Conference on Computational Science, ICCS 2011",
issn = "1877-0509",
doi = "https://doi.org/10.1016/j.procs.2011.04.178",
url = "http://www.sciencedirect.com/science/article/pii/S1877050911002365",
author = "Katia Vila and Jose-Norberto Maźon and Antonio Ferŕandez",
keywords = "integrating knowledge resources, model-driven software development, ambient intelligence, question answering"
}
@article{KANG1989239,
title = "Software methodology in the harsh light of economics",
journal = "Information and Software Technology",
volume = "31",
number = "5",
pages = "239 - 250",
year = "1989",
issn = "0950-5849",
doi = "https://doi.org/10.1016/0950-5849(89)90003-7",
url = "http://www.sciencedirect.com/science/article/pii/0950584989900037",
author = "KC Kang and LS Levy",
keywords = "software economics, design methodologies, object-oriented programming, expert systems, metaprogramming, software reuse"
}
@article{WYLIE1992285,
title = "Model-based knowledge organization: A framework for constructing high-level control systems",
journal = "Expert Systems with Applications",
volume = "4",
number = "3",
pages = "285 - 296",
year = "1992",
note = "Special Issue: Artificial Intelligence in Robotics and Manufacturing",
issn = "0957-4174",
doi = "https://doi.org/10.1016/0957-4174(92)90064-Y",
url = "http://www.sciencedirect.com/science/article/pii/095741749290064Y",
author = "Robert H. Wylie and Mohamed Kamel"
}
@article{OPDYKE2004821,
title = "Misuse of the ‘modified’ t statistic in regulatory telecommunications",
journal = "Telecommunications Policy",
volume = "28",
number = "11",
pages = "821 - 866",
year = "2004",
issn = "0308-5961",
doi = "https://doi.org/10.1016/j.telpol.2004.05.012",
url = "http://www.sciencedirect.com/science/article/pii/S0308596104000667",
author = "J.D. Opdyke",
keywords = "Telecommunications Act, Parity testing, OSS testing, Performance metric, ILEC, CLEC, Location-scale, Mean-variance"
}
@article{PARTRIDGE1997707,
title = "Software diversity: practical statistics for its measurement and exploitation",
journal = "Information and Software Technology",
volume = "39",
number = "10",
pages = "707 - 717",
year = "1997",
issn = "0950-5849",
doi = "https://doi.org/10.1016/S0950-5849(97)00023-2",
url = "http://www.sciencedirect.com/science/article/pii/S0950584997000232",
author = "D. Partridge and W. Krzanowski",
keywords = "Diversity measures, Inductive programming, Multiversion systems, Neural computing, Software diversity, Voting strategies"
}
@article{ROLLAND1995337,
title = "An approach for defining ways-of-working",
journal = "Information Systems",
volume = "20",
number = "4",
pages = "337 - 359",
year = "1995",
note = "Sixth International Conference on Advanced Information Systems Engineering",
issn = "0306-4379",
doi = "https://doi.org/10.1016/0306-4379(95)00018-Y",
url = "http://www.sciencedirect.com/science/article/pii/030643799500018Y",
author = "Colette Rolland and Carine Souveyet and Mario Moreno"
}
@article{AUCKENTHALER2011272,
title = "Developing algorithms and software for the parallel solution of the symmetric eigenvalue problem",
journal = "Journal of Computational Science",
volume = "2",
number = "3",
pages = "272 - 278",
year = "2011",
note = "Social Computational Systems",
issn = "1877-7503",
doi = "https://doi.org/10.1016/j.jocs.2011.05.002",
url = "http://www.sciencedirect.com/science/article/pii/S1877750311000330",
author = "T. Auckenthaler and H.-J. Bungartz and T. Huckle and L. Krämer and B. Lang and P. Willems",
keywords = "Eigenvalue decomposition, Numerical software, High performance computing, Scalability"
}
@article{SCHLOGL200798,
title = "A fully automated correction method of EOG artifacts in EEG recordings",
journal = "Clinical Neurophysiology",
volume = "118",
number = "1",
pages = "98 - 104",
year = "2007",
issn = "1388-2457",
doi = "https://doi.org/10.1016/j.clinph.2006.09.003",
url = "http://www.sciencedirect.com/science/article/pii/S1388245706014313",
author = "A. Schlögl and C. Keinrath and D. Zimmermann and R. Scherer and R. Leeb and G. Pfurtscheller",
keywords = "Electroencephalogram, Electrooculogram, Artifact processing, Missing values, Regression analysis"
}
@article{UZUNKAYA20151890,
title = "Hadoop Ecosystem and Its Analysis on Tweets",
journal = "Procedia - Social and Behavioral Sciences",
volume = "195",
pages = "1890 - 1897",
year = "2015",
note = "World Conference on Technology, Innovation and Entrepreneurship",
issn = "1877-0428",
doi = "https://doi.org/10.1016/j.sbspro.2015.06.429",
url = "http://www.sciencedirect.com/science/article/pii/S1877042815039087",
author = "Can Uzunkaya and Tolga Ensari and Yusuf Kavurucu",
keywords = "Hadoop, MapReduce, Hadoop Distributed File System (HDFS), Twitter4j, Big Data"
}
@article{FRANTZEN2011696,
title = "A simulation-based scheduling system for real-time optimization and decision making support",
journal = "Robotics and Computer-Integrated Manufacturing",
volume = "27",
number = "4",
pages = "696 - 705",
year = "2011",
note = "Conference papers of Flexible Automation and Intelligent Manufacturing",
issn = "0736-5845",
doi = "https://doi.org/10.1016/j.rcim.2010.12.006",
url = "http://www.sciencedirect.com/science/article/pii/S073658451100007X",
author = "Marcus Frantzén and Amos H.C. Ng and Philip Moore",
keywords = "Scheduling system, Simulation, Scheduling, Simulation-based optimization"
}
@article{LAWRENCE1997267,
title = "A proposal for performing software safety hazard analysis",
journal = "Reliability Engineering & System Safety",
volume = "55",
number = "3",
pages = "267 - 282",
year = "1997",
issn = "0951-8320",
doi = "https://doi.org/10.1016/S0951-8320(96)00098-1",
url = "http://www.sciencedirect.com/science/article/pii/S0951832096000981",
author = "J.D. Lawrence and J.M. Gallagher"
}
@article{PELLICCIONE20082237,
title = "An architectural approach to the correct and automatic assembly of evolving component-based systems",
journal = "Journal of Systems and Software",
volume = "81",
number = "12",
pages = "2237 - 2251",
year = "2008",
note = "Best papers from the 2007 Australian Software Engineering Conference (ASWEC 2007), Melbourne, Australia, April 10-13, 2007",
issn = "0164-1212",
doi = "https://doi.org/10.1016/j.jss.2008.05.030",
url = "http://www.sciencedirect.com/science/article/pii/S0164121208001295",
author = "Patrizio Pelliccione and Massimo Tivoli and Antonio Bucchiarone and Andrea Polini",
keywords = "Software architecture, Verification and validation, Component based software engineering, Component assembly, Component adaptation"
}
@article{RAVANELLI20141774,
title = "Didactic and Pedagogical View of E-learning Activities Free University of Bozen-bolzano",
journal = "Procedia - Social and Behavioral Sciences",
volume = "116",
pages = "1774 - 1784",
year = "2014",
note = "5th World Conference on Educational Sciences",
issn = "1877-0428",
doi = "https://doi.org/10.1016/j.sbspro.2014.01.471",
url = "http://www.sciencedirect.com/science/article/pii/S1877042814004881",
author = "Francesca Ravanelli and Ivan Serina",
keywords = "e-learning, blended learning, online learning environments, e-learning activities, Universal Instructional Design"
}
@article{WAGNER2015101,
title = "Operationalised product quality models and assessment: The Quamoco approach",
journal = "Information and Software Technology",
volume = "62",
pages = "101 - 123",
year = "2015",
issn = "0950-5849",
doi = "https://doi.org/10.1016/j.infsof.2015.02.009",
url = "http://www.sciencedirect.com/science/article/pii/S0950584915000452",
author = "Stefan Wagner and Andreas Goeb and Lars Heinemann and Michael Kläs and Constanza Lampasona and Klaus Lochmann and Alois Mayr and Reinhold Plösch and Andreas Seidl and Jonathan Streit and Adam Trendowicz",
keywords = "Quality model, Product quality, Quality assessment"
}
@article{BOLICI201614,
title = "Stigmergic coordination in FLOSS development teams: Integrating explicit and implicit mechanisms",
journal = "Cognitive Systems Research",
volume = "38",
pages = "14 - 22",
year = "2016",
note = "Special Issue of Cognitive Systems Research – Human-Human Stigmergy",
issn = "1389-0417",
doi = "https://doi.org/10.1016/j.cogsys.2015.12.003",
url = "http://www.sciencedirect.com/science/article/pii/S1389041715000339",
author = "Francesco Bolici and James Howison and Kevin Crowston",
keywords = "Coordination mechanisms, Stigmergic coordination, Distributed teams, FLOSS teams"
}
@article{GALITSKY20131072,
title = "Machine learning of syntactic parse trees for search and classification of text",
journal = "Engineering Applications of Artificial Intelligence",
volume = "26",
number = "3",
pages = "1072 - 1091",
year = "2013",
issn = "0952-1976",
doi = "https://doi.org/10.1016/j.engappai.2012.09.017",
url = "http://www.sciencedirect.com/science/article/pii/S0952197612002552",
author = "Boris Galitsky",
keywords = "Machine learning, Parse trees, Text classification, Text search"
}
@article{BEAUDETTE2013258,
title = "Algorithms for quantitative pedology: A toolkit for soil scientists",
journal = "Computers & Geosciences",
volume = "52",
pages = "258 - 268",
year = "2013",
issn = "0098-3004",
doi = "https://doi.org/10.1016/j.cageo.2012.10.020",
url = "http://www.sciencedirect.com/science/article/pii/S009830041200369X",
author = "D.E. Beaudette and P. Roudier and A.T. O'Geen",
keywords = "Soil data, Soil profile, Soil classification, Soil survey, Numerical soil classification, Aggregation of soil data, Visualization"
}
@incollection{METULA2011181,
title = "Chapter 7 - Automated Framework Modification",
editor = "Erez Metula",
booktitle = "Managed Code Rootkits",
publisher = "Syngress",
address = "Boston",
pages = "181 - 217",
year = "2011",
isbn = "978-1-59749-574-5",
doi = "https://doi.org/10.1016/B978-1-59749-574-5.00007-6",
url = "http://www.sciencedirect.com/science/article/pii/B9781597495745000076",
author = "Erez Metula"
}
@article{CHEN20101,
title = "Applying swarm intelligence to a library system",
journal = "Library Collections, Acquisitions, and Technical Services",
volume = "34",
number = "1",
pages = "1 - 10",
year = "2010",
issn = "1464-9055",
doi = "https://doi.org/10.1016/j.lcats.2009.11.002",
url = "http://www.sciencedirect.com/science/article/pii/S1464905509001018",
author = "Li-Shan Chen",
keywords = "Software development, Integrated library systems, Internet access and use, User interface design"
}
@article{MARCONDES20089290,
title = "On Hybrid Hw/Sw Components for Embedded System Design",
journal = "IFAC Proceedings Volumes",
volume = "41",
number = "2",
pages = "9290 - 9295",
year = "2008",
note = "17th IFAC World Congress",
issn = "1474-6670",
doi = "https://doi.org/10.3182/20080706-5-KR-1001.01570",
url = "http://www.sciencedirect.com/science/article/pii/S1474667016404477",
author = "Hugo Marcondes and Antônio Augusto Fröhlich"
}
@article{THURIMELLA20131831,
title = "A mixed-method approach for the empirical evaluation of the issue-based variability modeling",
journal = "Journal of Systems and Software",
volume = "86",
number = "7",
pages = "1831 - 1849",
year = "2013",
issn = "0164-1212",
doi = "https://doi.org/10.1016/j.jss.2013.01.038",
url = "http://www.sciencedirect.com/science/article/pii/S0164121213000186",
author = "Anil Kumar Thurimella and Bernd Brügge",
keywords = "Rationale management, Software product lines, Variability, Requirements engineering, Empirical software engineering, Mixed-methods"
}
@article{LIU2015247,
title = "Software to facilitate remote sensing data access for disease early warning systems",
journal = "Environmental Modelling & Software",
volume = "74",
pages = "247 - 257",
year = "2015",
issn = "1364-8152",
doi = "https://doi.org/10.1016/j.envsoft.2015.07.006",
url = "http://www.sciencedirect.com/science/article/pii/S1364815215300116",
author = "Yi Liu and Jiameng Hu and Isaiah Snell-Feikema and Michael S. VanBemmel and Aashis Lamsal and Michael C. Wimberly",
keywords = "Software architecture, Workflows, Remote sensing, Early warning, Malaria, West Nile virus"
}
@article{YU20151,
title = "A comprehensive approach to the recovery of design pattern instances based on sub-patterns and method signatures",
journal = "Journal of Systems and Software",
volume = "103",
pages = "1 - 16",
year = "2015",
issn = "0164-1212",
doi = "https://doi.org/10.1016/j.jss.2015.01.019",
url = "http://www.sciencedirect.com/science/article/pii/S016412121500014X",
author = "Dongjin Yu and Yanyan Zhang and Zhenli Chen",
keywords = "Design pattern recovery, Design patterns, Sub-patterns, Graph mining, Method signature"
}
@incollection{20081,
title = "1.1 - Commentary",
editor = "Jan Bergstra and Mark Burgess",
booktitle = "Handbook of Network and System Administration",
publisher = "Elsevier",
address = "Amsterdam",
pages = "1",
year = "2008",
isbn = "978-0-444-52198-9",
doi = "https://doi.org/10.1016/B978-044452198-9.50003-3",
url = "http://www.sciencedirect.com/science/article/pii/B9780444521989500033"
}
@article{TASSELLI2015e664,
title = "Complex DNA mixture analysis: Report of two cases",
journal = "Forensic Science International: Genetics Supplement Series",
volume = "5",
pages = "e664 - e666",
year = "2015",
issn = "1875-1768",
doi = "https://doi.org/10.1016/j.fsigss.2015.10.015",
url = "http://www.sciencedirect.com/science/article/pii/S1875176815301311",
author = "Giorgia Tasselli and Massimo Lancia and Federica Tommolini and Gabriele Margiotta and Susanna Massetti and Eugenia Carnevali"
}
@article{GREENES199195,
title = "The DeSyGNER knowledge management architecture: a building block approach based on an extensible kernel",
journal = "Artificial Intelligence in Medicine",
volume = "3",
number = "2",
pages = "95 - 111",
year = "1991",
issn = "0933-3657",
doi = "https://doi.org/10.1016/0933-3657(91)90021-3",
url = "http://www.sciencedirect.com/science/article/pii/0933365791900213",
author = "Robert A. Greenes and Stephan R.A. Deibel",
keywords = "Knowledge management, modular architecture, software engineering"
}
@article{IVETIC200063,
title = "A Contribution to Integration of HCI Practice with Control System Development",
journal = "IFAC Proceedings Volumes",
volume = "33",
number = "12",
pages = "63 - 66",
year = "2000",
note = "7th IFAC Symposium on Automated Systems based on Human Skill 2000, Aachen, Germany, 15-17 June 2000",
issn = "1474-6670",
doi = "https://doi.org/10.1016/S1474-6670(17)37277-4",
url = "http://www.sciencedirect.com/science/article/pii/S1474667017372774",
author = "Dragan Ivetic and Danilo Obradovic",
keywords = "software engineering, life cycles, human-centred design, human-machine interfaces, software project management"
}
@article{KJELDSKOV2012197,
title = "Combining ethnography and object-orientation for mobile interaction design: Contextual richness and abstract models",
journal = "International Journal of Human-Computer Studies",
volume = "70",
number = "3",
pages = "197 - 217",
year = "2012",
issn = "1071-5819",
doi = "https://doi.org/10.1016/j.ijhcs.2011.10.004",
url = "http://www.sciencedirect.com/science/article/pii/S1071581911001455",
author = "Jesper Kjeldskov and Jan Stage",
keywords = "Mobile interaction design, Ethnography, Object-oriented analysis, System development, Mobile work, Distributed collaboration"
}
@article{WOTAWA2002125,
title = "On the relationship between model-based debugging and program slicing",
journal = "Artificial Intelligence",
volume = "135",
number = "1",
pages = "125 - 143",
year = "2002",
issn = "0004-3702",
doi = "https://doi.org/10.1016/S0004-3702(01)00161-8",
url = "http://www.sciencedirect.com/science/article/pii/S0004370201001618",
author = "Franz Wotawa",
keywords = "Program slicing, Model-based diagnosis, Debugging"
}
@article{XU2016100,
title = "A computational framework for regional seismic simulation of buildings with multiple fidelity models",
journal = "Advances in Engineering Software",
volume = "99",
pages = "100 - 110",
year = "2016",
issn = "0965-9978",
doi = "https://doi.org/10.1016/j.advengsoft.2016.05.014",
url = "http://www.sciencedirect.com/science/article/pii/S0965997816301181",
author = "Zhen Xu and Xinzheng Lu and Kincho H. Law",
keywords = "Seismic damage simulation, Multi-fidelity models, Distributed computing, GPU, City-wide scale"
}
@article{HUBERT201697,
title = "Data driven stochastic modelling and simulation of cooling demand within breweries",
journal = "Journal of Food Engineering",
volume = "176",
pages = "97 - 109",
year = "2016",
note = "Virtualization of Processes in Food Engineering",
issn = "0260-8774",
doi = "https://doi.org/10.1016/j.jfoodeng.2015.06.032",
url = "http://www.sciencedirect.com/science/article/pii/S0260877415002873",
author = "Stefan Hubert and Thorben Helmers and Frauke Groß and Antonio Delgado",
keywords = "Stochastic modelling, Brewery, Reference nets, Simulation, Energy demand, Uncertainty"
}
@article{FULLER200760,
title = "Innovation creation by online basketball communities",
journal = "Journal of Business Research",
volume = "60",
number = "1",
pages = "60 - 71",
year = "2007",
issn = "0148-2963",
doi = "https://doi.org/10.1016/j.jbusres.2006.09.019",
url = "http://www.sciencedirect.com/science/article/pii/S0148296306001408",
author = "Johann Füller and Gregor Jawecki and Hans Mühlbacher",
keywords = "Innovation, Online community, Consumer goods, Knowledge creation, Virtual consumer integration, New product development"
}
@article{MUSSADIQ2015194,
title = "Evaluation and comparison of open source program solutions for automatic seed counting on digital images",
journal = "Computers and Electronics in Agriculture",
volume = "117",
pages = "194 - 199",
year = "2015",
issn = "0168-1699",
doi = "https://doi.org/10.1016/j.compag.2015.08.010",
url = "http://www.sciencedirect.com/science/article/pii/S0168169915002367",
author = "Zohaib Mussadiq and Baranyai Laszlo and Lajos Helyes and Csaba Gyuricza",
keywords = "CellProfiler, ImageJ, Maize, P-TRAP, SmartGrain, Wheat"
}
@article{SALASMORERA2013181,
title = "PpcProject: An educational tool for software project management",
journal = "Computers & Education",
volume = "69",
pages = "181 - 188",
year = "2013",
issn = "0360-1315",
doi = "https://doi.org/10.1016/j.compedu.2013.07.018",
url = "http://www.sciencedirect.com/science/article/pii/S0360131513001851",
author = "Lorenzo Salas-Morera and Antonio Arauzo-Azofra and Laura García-Hernández and Juan M. Palomo-Romero and César Hervás-Martínez",
keywords = "Engineering education, Improving classroom teaching, Educational software, Project management, Teaching/learning strategies"
}
@article{GARRI2013669,
title = "Corporate Strategy, Corporate Culture & Customer Information",
journal = "Procedia - Social and Behavioral Sciences",
volume = "73",
pages = "669 - 677",
year = "2013",
note = "Proceedings of the 2nd International Conference on Integrated Information (IC-ININFO 2012), Budapest, Hungary, August 30 – September 3, 2012",
issn = "1877-0428",
doi = "https://doi.org/10.1016/j.sbspro.2013.02.104",
url = "http://www.sciencedirect.com/science/article/pii/S1877042813003972",
author = "Myropi Garri and Nikolaos Konstantopoulos and Michail Bekiaris",
keywords = "Customer Information, Corporate Strategy, Corporate Culture, CRM"
}
@article{PANAYIOTOPOULOS1988553,
title = "Attribute grammar based theorem prover",
journal = "Information and Software Technology",
volume = "30",
number = "9",
pages = "553 - 560",
year = "1988",
issn = "0950-5849",
doi = "https://doi.org/10.1016/0950-5849(88)90134-6",
url = "http://www.sciencedirect.com/science/article/pii/0950584988901346",
author = "T Panayiotopoulos and G Papakonstantinou and G Stamatopoulos",
keywords = "software engineering, software tools, attribute grammars, theorem proving"
}
@article{BOSTON1986305,
title = "The maintenance, distribution and development of biomedical computer software: an exercise in software engineering",
journal = "Computer Methods and Programs in Biomedicine",
volume = "22",
number = "3",
pages = "305 - 321",
year = "1986",
issn = "0169-2607",
doi = "https://doi.org/10.1016/0169-2607(86)90007-6",
url = "http://www.sciencedirect.com/science/article/pii/0169260786900076",
author = "R.C. Boston and H. Granek and N. Sutton and K. Weber and P. Greif and L. Zech",
keywords = "Software engineering, Biokinetic modelling, Development, Distribution, Maintenance, Numerical integrator, Processor"
}
@article{GAROUSI2015664,
title = "Usage and usefulness of technical software documentation: An industrial case study",
journal = "Information and Software Technology",
volume = "57",
pages = "664 - 682",
year = "2015",
issn = "0950-5849",
doi = "https://doi.org/10.1016/j.infsof.2014.08.003",
url = "http://www.sciencedirect.com/science/article/pii/S095058491400192X",
author = "Golara Garousi and Vahid Garousi-Yusifoğlu and Guenther Ruhe and Junji Zhi and Mahmoud Moussavi and Brian Smith",
keywords = "Technical software documentation, Usage, Usefulness, Industrial context, Case study"
}
@article{ANDERSEN1995101,
title = "Software design of maintainable knowledge-based systems for building design",
journal = "Automation in Construction",
volume = "4",
number = "2",
pages = "101 - 110",
year = "1995",
issn = "0926-5805",
doi = "https://doi.org/10.1016/0926-5805(94)00042-L",
url = "http://www.sciencedirect.com/science/article/pii/092658059400042L",
author = "Tom Andersen and Niels Vejrup Carlsen",
keywords = "Knowledge-based, Query driven, Software design, User interface, Separation, Maintainable systems"
}
@article{VALENTE201785,
title = "nmsBuilder: Freeware to create subject-specific musculoskeletal models for OpenSim",
journal = "Computer Methods and Programs in Biomedicine",
volume = "152",
pages = "85 - 92",
year = "2017",
issn = "0169-2607",
doi = "https://doi.org/10.1016/j.cmpb.2017.09.012",
url = "http://www.sciencedirect.com/science/article/pii/S016926071730367X",
author = "Giordano Valente and Gianluigi Crimi and Nicola Vanella and Enrico Schileo and Fulvia Taddei",
keywords = "Musculoskeletal model, Subject-specific model, Image-based model, Imaging data processing, Freeware, OpenSim"
}
@article{ARGENT2004219,
title = "An overview of model integration for environmental applications—components, frameworks and semantics",
journal = "Environmental Modelling & Software",
volume = "19",
number = "3",
pages = "219 - 234",
year = "2004",
note = "Concepts, Methods and Applications in Environmental Model Integration",
issn = "1364-8152",
doi = "https://doi.org/10.1016/S1364-8152(03)00150-6",
url = "http://www.sciencedirect.com/science/article/pii/S1364815203001506",
author = "Robert M Argent",
keywords = "Model integration, Component-based modelling, Modelling frameworks"
}
@article{CODEN2009937,
title = "Automatically extracting cancer disease characteristics from pathology reports into a Disease Knowledge Representation Model",
journal = "Journal of Biomedical Informatics",
volume = "42",
number = "5",
pages = "937 - 949",
year = "2009",
note = "Biomedical Natural Language Processing",
issn = "1532-0464",
doi = "https://doi.org/10.1016/j.jbi.2008.12.005",
url = "http://www.sciencedirect.com/science/article/pii/S1532046408001585",
author = "Anni Coden and Guergana Savova and Igor Sominsky and Michael Tanenblatt and James Masanz and Karin Schuler and James Cooper and Wei Guan and Piet C. de Groen",
keywords = "Cancer Disease Knowledge Representation Model, Analysis system, Natural language processing, Concept formation, Information retrieval, Medical records"
}
@article{ALBUQUERQUE2015245,
title = "Quantifying usability of domain-specific languages: An empirical study on software maintenance",
journal = "Journal of Systems and Software",
volume = "101",
pages = "245 - 259",
year = "2015",
issn = "0164-1212",
doi = "https://doi.org/10.1016/j.jss.2014.11.051",
url = "http://www.sciencedirect.com/science/article/pii/S0164121214002799",
author = "Diego Albuquerque and Bruno Cafeo and Alessandro Garcia and Simone Barbosa and Silvia Abrahão and António Ribeiro",
keywords = "DSL, Usability, Metrics"
}
@article{ALRABAEE2015S61,
title = "SIGMA: A Semantic Integrated Graph Matching Approach for identifying reused functions in binary code",
journal = "Digital Investigation",
volume = "12",
pages = "S61 - S71",
year = "2015",
note = "DFRWS 2015 Europe",
issn = "1742-2876",
doi = "https://doi.org/10.1016/j.diin.2015.01.011",
url = "http://www.sciencedirect.com/science/article/pii/S1742287615000122",
author = "Saed Alrabaee and Paria Shirani and Lingyu Wang and Mourad Debbabi",
keywords = "Function identification, Reverse engineering, Binary program analysis, Malware forensics, Digital forensics"
}
@article{RAMM2018,
title = "Describing adaptation tipping points in coastal flood risk management",
journal = "Computers, Environment and Urban Systems",
year = "2018",
issn = "0198-9715",
doi = "https://doi.org/10.1016/j.compenvurbsys.2018.01.002",
url = "http://www.sciencedirect.com/science/article/pii/S0198971517304520",
author = "Timothy David Ramm and Christopher Stephen Watson and Christopher John White",
keywords = "Adaptation, Climate change, Inundation, Tipping point, Uncertainty, Vulnerability"
}
@article{CANFORA20071317,
title = "Evaluating performances of pair designing in industry",
journal = "Journal of Systems and Software",
volume = "80",
number = "8",
pages = "1317 - 1327",
year = "2007",
note = "The Impact of Barry Boehm’s Work on Software Engineering Education and Training",
issn = "0164-1212",
doi = "https://doi.org/10.1016/j.jss.2006.11.004",
url = "http://www.sciencedirect.com/science/article/pii/S0164121206003414",
author = "Gerardo Canfora and Aniello Cimitile and Felix Garcia and Mario Piattini and Corrado Aaron Visaggio",
keywords = "Software engineering, Pair designing, Empirical studies"
}
@article{WANG2014195,
title = "How to guarantee compliance between workflows and product lifecycles?",
journal = "Information Systems",
volume = "42",
pages = "195 - 215",
year = "2014",
issn = "0306-4379",
doi = "https://doi.org/10.1016/j.is.2014.01.006",
url = "http://www.sciencedirect.com/science/article/pii/S0306437914000246",
author = "Zhaoxia Wang and Arthur H.M. ter Hofstede and Chun Ouyang and Moe Wynn and Jianmin Wang and Xiaochen Zhu",
keywords = "Product lifecycle management, Workflow management, Verification, Process model, Compliance"
}
@incollection{GLUER1995297,
title = "PETRI NET MODELS FOR CONTROL OF MANUFACTURING SYSTEMS – A LABORATORY EXPERIMENT",
editor = "A. ICHIKAWA and K. FURUTA",
booktitle = "Advances in Control Education 1994",
publisher = "Pergamon",
address = "Oxford",
pages = "297 - 300",
year = "1995",
series = "IFAC Postprint Volume",
isbn = "978-0-08-042230-5",
doi = "https://doi.org/10.1016/B978-0-08-042230-5.50079-7",
url = "http://www.sciencedirect.com/science/article/pii/B9780080422305500797",
author = "D. GLÜER and G. SCHMIDT"
}
@article{ANDERSON200347,
title = "Structural templates and transformations: the Themis structural computing environment",
journal = "Journal of Network and Computer Applications",
volume = "26",
number = "1",
pages = "47 - 71",
year = "2003",
note = "Structural Computing: Research Directions, Systems and Issues",
issn = "1084-8045",
doi = "https://doi.org/10.1016/S1084-8045(02)00059-0",
url = "http://www.sciencedirect.com/science/article/pii/S1084804502000590",
author = "Kenneth M. Anderson and Susanne A. Sherba and William Van Lepthien",
keywords = "Structural computing, Templates, Transformations, Themis"
}
@article{LI20181577,
title = "Analyzing the impact of heating emissions on air quality index based on principal component regression",
journal = "Journal of Cleaner Production",
volume = "171",
pages = "1577 - 1592",
year = "2018",
issn = "0959-6526",
doi = "https://doi.org/10.1016/j.jclepro.2017.10.106",
url = "http://www.sciencedirect.com/science/article/pii/S0959652617323995",
author = "Han Li and Shijun You and Huan Zhang and Wandong Zheng and Wai-ling Lee and Tianzhen Ye and Lanjun Zou",
keywords = "Air quality index, Heating emissions, Principal component regression, Source appointment"
}
@article{ZNAMENSKIJ20131061,
title = "Effect driven Evolution: Information Systems Architecture for Large Dynamic Organizations",
journal = "IFAC Proceedings Volumes",
volume = "46",
number = "9",
pages = "1061 - 1066",
year = "2013",
note = "7th IFAC Conference on Manufacturing Modelling, Management, and Control",
issn = "1474-6670",
doi = "https://doi.org/10.3182/20130619-3-RU-3018.00552",
url = "http://www.sciencedirect.com/science/article/pii/S1474667016344305",
author = "Sergej V. Znamenskij",
keywords = "Complex adaptive systems, Software engineering, Decentralized control, Distributed computer control systems, Human-centered design, Information systems, Project management, Quality control, Social requirements, Systems concepts"
}
@article{HAUPTMAN199049,
title = "The different roles of communication in software development and hardware R&D: Phenomenologic paradox or atheoretical empiricism?",
journal = "Journal of Engineering and Technology Management",
volume = "7",
number = "1",
pages = "49 - 71",
year = "1990",
issn = "0923-4748",
doi = "https://doi.org/10.1016/0923-4748(90)90025-3",
url = "http://www.sciencedirect.com/science/article/pii/0923474890900253",
author = "Oscar Hauptman"
}
@article{AMES2012146,
title = "HydroDesktop: Web services-based software for hydrologic data discovery, download, visualization, and analysis",
journal = "Environmental Modelling & Software",
volume = "37",
pages = "146 - 156",
year = "2012",
issn = "1364-8152",
doi = "https://doi.org/10.1016/j.envsoft.2012.03.013",
url = "http://www.sciencedirect.com/science/article/pii/S1364815212001053",
author = "Daniel P. Ames and Jeffery S. Horsburgh and Yang Cao and Jiří Kadlec and Timothy Whiteaker and David Valentine",
keywords = "Data management, Geographic information system, Hydrologic information systems, Hydrologic modeling, Observation data, Web services"
}
@article{VIGNAL2015355,
title = "An energy-stable convex splitting for the phase-field crystal equation",
journal = "Computers & Structures",
volume = "158",
pages = "355 - 368",
year = "2015",
issn = "0045-7949",
doi = "https://doi.org/10.1016/j.compstruc.2015.05.029",
url = "http://www.sciencedirect.com/science/article/pii/S0045794915001753",
author = "P. Vignal and L. Dalcin and D.L. Brown and N. Collier and V.M. Calo",
keywords = "Phase-field crystal, PetIGA, B-spline basis functions, Mixed formulation, Isogeometric analysis, Provably-stable time integration"
}
@article{HERMOSILLA2016113,
title = "High quality illustrative effects for molecular rendering",
journal = "Computers & Graphics",
volume = "54",
pages = "113 - 120",
year = "2016",
note = "Special Issue on CAD/Graphics 2015",
issn = "0097-8493",
doi = "https://doi.org/10.1016/j.cag.2015.07.017",
url = "http://www.sciencedirect.com/science/article/pii/S009784931500120X",
author = "P. Hermosilla and V. Guallar and A. Vinacua and P.P. Vázquez",
keywords = "Molecular visualization, Ambient occlusion, Halos"
}
@article{TYAGI201224,
title = "A rule-based approach for estimating the reliability of component-based systems",
journal = "Advances in Engineering Software",
volume = "54",
pages = "24 - 29",
year = "2012",
issn = "0965-9978",
doi = "https://doi.org/10.1016/j.advengsoft.2012.08.001",
url = "http://www.sciencedirect.com/science/article/pii/S0965997812001111",
author = "Kirti Tyagi and Arun Sharma",
keywords = "Reliability, Commercial off-the-shelf components (COTS), Software architecture, Fuzzy logic, Component-based software engineering (CBSE) Data clustering"
}
@article{BAO1992247,
title = "An Intellectual Forecasting Support System",
journal = "IFAC Proceedings Volumes",
volume = "25",
number = "18",
pages = "247 - 252",
year = "1992",
note = "6th IFAC/IFORS/IMACS Symposium on Large Scale Systems: Theory and Applications 1992, Beijing, PCR, 23-25 August",
issn = "1474-6670",
doi = "https://doi.org/10.1016/S1474-6670(17)49978-2",
url = "http://www.sciencedirect.com/science/article/pii/S1474667017499782",
author = "Liu Bao and Wang Liang and Xu Demin and Niu Xiuli",
keywords = "Forecasting theory, expert system, model base management, pattern recognition identification, software engineering"
}
@article{MOHAMMAD2013486,
title = "Software Evolution as SaaS: Evolution of Intelligent Design in Cloud",
journal = "Procedia Computer Science",
volume = "19",
pages = "486 - 493",
year = "2013",
note = "The 4th International Conference on Ambient Systems, Networks and Technologies (ANT 2013), the 3rd International Conference on Sustainable Energy Information Technology (SEIT-2013)",
issn = "1877-0509",
doi = "https://doi.org/10.1016/j.procs.2013.06.065",
url = "http://www.sciencedirect.com/science/article/pii/S187705091300673X",
author = "Atif Farid Mohammad and Joumana Dargham and Hamid Mcheick and Attia T. Noor",
keywords = "Architecture, Cloud Computing, Cloud Services, Services, Service Oriented Architecture, Software as a Service"
}
@article{MUSCARA20102885,
title = "The wiki – a virtual home base for constructivist blended learning courses",
journal = "Procedia - Social and Behavioral Sciences",
volume = "2",
number = "2",
pages = "2885 - 2889",
year = "2010",
note = "Innovation and Creativity in Education",
issn = "1877-0428",
doi = "https://doi.org/10.1016/j.sbspro.2010.03.434",
url = "http://www.sciencedirect.com/science/article/pii/S187704281000474X",
author = "Marinella Muscarà and Steven Beercock",
keywords = "LMS, Moodle, wiki, language teaching, collaborative learning, constructivism, learning English with films"
}
@article{BERKENKOTTER2008203,
title = "Reliable UML Models and Profiles",
journal = "Electronic Notes in Theoretical Computer Science",
volume = "217",
pages = "203 - 220",
year = "2008",
note = "Proceedings of the 3rd International Workshop on Systems Software Veriﬁcation (SSV 2008)",
issn = "1571-0661",
doi = "https://doi.org/10.1016/j.entcs.2008.06.050",
url = "http://www.sciencedirect.com/science/article/pii/S1571066108003939",
author = "Kirsten Berkenkötter",
keywords = "UML, OCL, MDA, Profiles, Validation"
}
@article{QUESNELBARBET2013267,
title = "POLESAT, an innovative e-health geomatic platform in decision-making based on: Geographical approach, medical knowledge visualization and geographic information system & web-mapping architecture",
journal = "IRBM",
volume = "34",
number = "4",
pages = "267 - 273",
year = "2013",
note = "Numéro spécial - RITS 2013",
issn = "1959-0318",
doi = "https://doi.org/10.1016/j.irbm.2013.06.001",
url = "http://www.sciencedirect.com/science/article/pii/S1959031813000791",
author = "A. Quesnel-Barbet and J. Soula and F. Dufossez and N. Sharma and A. Ruhela and R. Beuscart"
}
@article{HANNAN2010464,
title = "Analysis on the evolution of the discourse on computer software and programming languages in the light of literary genres and POWER-KNOWLEDGE",
journal = "Computers in Human Behavior",
volume = "26",
number = "3",
pages = "464 - 473",
year = "2010",
issn = "0747-5632",
doi = "https://doi.org/10.1016/j.chb.2009.12.005",
url = "http://www.sciencedirect.com/science/article/pii/S0747563209001964",
author = "Mohammad Hannan",
keywords = "Discourse, Literary genres, Chronotope, Heteroglossia, Dialogism, POWER-KNOWLEDGE"
}
@article{ESPINHA201527,
title = "Web API growing pains: Loosely coupled yet strongly tied",
journal = "Journal of Systems and Software",
volume = "100",
pages = "27 - 43",
year = "2015",
issn = "0164-1212",
doi = "https://doi.org/10.1016/j.jss.2014.10.014",
url = "http://www.sciencedirect.com/science/article/pii/S0164121214002180",
author = "Tiago Espinha and Andy Zaidman and Hans-Gerhard Gross",
keywords = "Web API, Software evolution, Breaking changes"
}
@article{LAFORCADE2010347,
title = "A Domain-Specific Modeling approach for supporting the specification of Visual Instructional Design Languages and the building of dedicated editors",
journal = "Journal of Visual Languages & Computing",
volume = "21",
number = "6",
pages = "347 - 358",
year = "2010",
note = "Special Issue on Visual Instructional Design Languages",
issn = "1045-926X",
doi = "https://doi.org/10.1016/j.jvlc.2010.08.008",
url = "http://www.sciencedirect.com/science/article/pii/S1045926X10000492",
author = "Pierre Laforcade",
keywords = "Visual Instructional Design Languages Domain Specific Modeling, Visual and executable models"
}
@article{GRESSE1998125,
title = "Requirements for the knowledge-based support of software engineering measurement plans",
journal = "Knowledge-Based Systems",
volume = "11",
number = "2",
pages = "125 - 143",
year = "1998",
issn = "0950-7051",
doi = "https://doi.org/10.1016/S0950-7051(98)00043-4",
url = "http://www.sciencedirect.com/science/article/pii/S0950705198000434",
author = "Christiane Gresse and Lionel C Briand",
keywords = "Reuse, Software measurement, Process improvement"
}
@article{MANAVAZHI2001545,
title = "A software architecture for the virtual construction of structures",
journal = "Advances in Engineering Software",
volume = "32",
number = "7",
pages = "545 - 554",
year = "2001",
issn = "0965-9978",
doi = "https://doi.org/10.1016/S0965-9978(01)00005-9",
url = "http://www.sciencedirect.com/science/article/pii/S0965997801000059",
author = "Mohan R Manavazhi",
keywords = "Structural construction simulation, Object-oriented simulation, Object-oriented architecture, Automated model generation, Structural construction analysis"
}
@article{HUANG200729,
title = "Improving the COCOMO model using a neuro-fuzzy approach",
journal = "Applied Soft Computing",
volume = "7",
number = "1",
pages = "29 - 40",
year = "2007",
issn = "1568-4946",
doi = "https://doi.org/10.1016/j.asoc.2005.06.007",
url = "http://www.sciencedirect.com/science/article/pii/S1568494605000712",
author = "Xishi Huang and Danny Ho and Jing Ren and Luiz F. Capretz",
keywords = "Software cost estimation, Neural network, Fuzzy set, COCOMO, Soft computing"
}
@article{ELOFSON199783,
title = "An intelligent agent community approach to knowledge sharing",
journal = "Decision Support Systems",
volume = "20",
number = "1",
pages = "83 - 98",
year = "1997",
note = "Intelligent Agents as a Basis for Decision Support Systems",
issn = "0167-9236",
doi = "https://doi.org/10.1016/S0167-9236(96)00077-2",
url = "http://www.sciencedirect.com/science/article/pii/S0167923696000772",
author = "Greg Elofson and Peggy M. Beranek and Philomina Thomas"
}
@article{MURDOCH201536,
title = "The impact of using computer decision-support software in primary care nurse-led telephone triage: Interactional dilemmas and conversational consequences",
journal = "Social Science & Medicine",
volume = "126",
pages = "36 - 47",
year = "2015",
issn = "0277-9536",
doi = "https://doi.org/10.1016/j.socscimed.2014.12.013",
url = "http://www.sciencedirect.com/science/article/pii/S0277953614008107",
author = "Jamie Murdoch and Rebecca Barnes and Jillian Pooler and Valerie Lattimer and Emily Fletcher and John L. Campbell",
keywords = "UK, Primary care, Nurse–patient interactions, Telephone triage/consultations, Computer decision-support systems, Conversation analysis, Multi-modal analysis"
}
@article{BUYER2017270,
title = "Calculation the Spacing of Discontinuities from 3D Point Clouds",
journal = "Procedia Engineering",
volume = "191",
pages = "270 - 278",
year = "2017",
note = "ISRM European Rock Mechanics Symposium EUROCK 2017",
issn = "1877-7058",
doi = "https://doi.org/10.1016/j.proeng.2017.05.181",
url = "http://www.sciencedirect.com/science/article/pii/S1877705817323214",
author = "Andreas Buyer and Wulf Schubert",
keywords = "rock mass characterization, discontinuity analysis, spacing, point clouds, remote sensing"
}
@article{TORT20111088,
title = "An approach to test-driven development of conceptual schemas",
journal = "Data & Knowledge Engineering",
volume = "70",
number = "12",
pages = "1088 - 1111",
year = "2011",
issn = "0169-023X",
doi = "https://doi.org/10.1016/j.datak.2011.07.006",
url = "http://www.sciencedirect.com/science/article/pii/S0169023X11000978",
author = "Albert Tort and Antoni Olivé and Maria-Ribera Sancho",
keywords = "Conceptual modeling, Testing, TDD, Requirements validation, UML/OCL"
}
@article{LOOPIK1992153,
title = "Prolog versus Kee — A case study",
journal = "Artificial Intelligence in Engineering",
volume = "7",
number = "3",
pages = "153 - 165",
year = "1992",
issn = "0954-1810",
doi = "https://doi.org/10.1016/0954-1810(92)90003-K",
url = "http://www.sciencedirect.com/science/article/pii/095418109290003K",
author = "Alex Loopik and Yossi Lichtenstein"
}
@article{PURANIK2016924,
title = "A Novel Machine Learning Approach for Bug Prediction",
journal = "Procedia Computer Science",
volume = "93",
pages = "924 - 930",
year = "2016",
note = "Proceedings of the 6th International Conference on Advances in Computing and Communications",
issn = "1877-0509",
doi = "https://doi.org/10.1016/j.procs.2016.07.271",
url = "http://www.sciencedirect.com/science/article/pii/S1877050916315174",
author = "Shruthi Puranik and Pranav Deshpande and K. Chandrasekaran",
keywords = "Bug prediction metrics, Multiple regression, Marginal R square, F-measure"
}
@article{TOUNSI2018212,
title = "A survey on technical threat intelligence in the age of sophisticated cyber attacks",
journal = "Computers & Security",
volume = "72",
pages = "212 - 233",
year = "2018",
issn = "0167-4048",
doi = "https://doi.org/10.1016/j.cose.2017.09.001",
url = "http://www.sciencedirect.com/science/article/pii/S0167404817301839",
author = "Wiem Tounsi and Helmi Rais",
keywords = "Technical threat intelligence, Indicators of compromise (IOC), Malware, Trust, Reputation, Ontologies, Cyber crime, Preventative strategies, Risk analysis, Threat sharing"
}
@incollection{COULTON2007191,
title = "Mobile Games: Challenges and Opportunities",
editor = "Marvin V. Zelkowitz",
series = "Advances in Computers",
publisher = "Elsevier",
volume = "69",
pages = "191 - 242",
year = "2007",
booktitle = "Architectural Issues",
issn = "0065-2458",
doi = "https://doi.org/10.1016/S0065-2458(06)69004-9",
url = "http://www.sciencedirect.com/science/article/pii/S0065245806690049",
author = "Paul Coulton and Will Bamford and Fadi Chehimi and Reuben Edwards and Paul Gilbertson and Omer Rashid"
}
@article{ZIEMKE2011583,
title = "An integrated development framework for rapid development of platform-independent and reusable satellite on-board software",
journal = "Acta Astronautica",
volume = "69",
number = "7",
pages = "583 - 594",
year = "2011",
issn = "0094-5765",
doi = "https://doi.org/10.1016/j.actaastro.2011.04.011",
url = "http://www.sciencedirect.com/science/article/pii/S0094576511001202",
author = "Claas Ziemke and Toshinori Kuwahara and Ivan Kossev",
keywords = "On-board software, Reusable, Platform-independent, System simulation, Open-source"
}
@article{MARIC201520,
title = "lentFoam – A hybrid Level Set/Front Tracking method on unstructured meshes",
journal = "Computers & Fluids",
volume = "113",
pages = "20 - 31",
year = "2015",
note = "Small scale simulation of multiphase flows",
issn = "0045-7930",
doi = "https://doi.org/10.1016/j.compfluid.2014.12.019",
url = "http://www.sciencedirect.com/science/article/pii/S0045793014004885",
author = "Tomislav Marić and Holger Marschall and Dieter Bothe",
keywords = "Level Set, Front Tracking, Hybrid method, Unstructured mesh, OpenFOAM"
}
@article{AMEEDEEN2011332,
title = "Model interoperability via Model Driven Development",
journal = "Journal of Computer and System Sciences",
volume = "77",
number = "2",
pages = "332 - 347",
year = "2011",
note = "Adaptivity in Heterogeneous Environments",
issn = "0022-0000",
doi = "https://doi.org/10.1016/j.jcss.2010.01.011",
url = "http://www.sciencedirect.com/science/article/pii/S0022000010000127",
author = "Mohamed A. Ameedeen and Behzad Bordbar and Rachid Anane",
keywords = "Model Driven Development, Model interoperability, Software development, UML, Petri Nets"
}
@article{ZHANG2016166,
title = "Towards more accurate severity prediction and fixer recommendation of software bugs",
journal = "Journal of Systems and Software",
volume = "117",
pages = "166 - 184",
year = "2016",
issn = "0164-1212",
doi = "https://doi.org/10.1016/j.jss.2016.02.034",
url = "http://www.sciencedirect.com/science/article/pii/S0164121216000765",
author = "Tao Zhang and Jiachi Chen and Geunseok Yang and Byungjeong Lee and Xiapu Luo",
keywords = "Severity prediction, Fixer recommendation, Topic model"
}
@article{MUNCH20043,
title = "Software project control centers: concepts and approaches",
journal = "Journal of Systems and Software",
volume = "70",
number = "1",
pages = "3 - 19",
year = "2004",
issn = "0164-1212",
doi = "https://doi.org/10.1016/S0164-1212(02)00138-3",
url = "http://www.sciencedirect.com/science/article/pii/S0164121202001383",
author = "Jürgen Münch and Jens Heidrich",
keywords = "Software project control center, Project controlling, Quality assurance, Data interpretation, Data visualization"
}