@article{SCHOITSCH1986327,
title = "Software engineering aspects of real-time programming concepts",
journal = "Computer Physics Communications",
volume = "41",
number = "2",
pages = "327 - 361",
year = "1986",
issn = "0010-4655",
doi = "https://doi.org/10.1016/0010-4655(86)90074-3",
url = "http://www.sciencedirect.com/science/article/pii/0010465586900743",
author = "Erwin Schoitsch"
}
@article{CURCIN2014151,
title = "Model-driven approach to data collection and reporting for quality improvement",
journal = "Journal of Biomedical Informatics",
volume = "52",
pages = "151 - 162",
year = "2014",
note = "Special Section: Methods in Clinical Research Informatics",
issn = "1532-0464",
doi = "https://doi.org/10.1016/j.jbi.2014.04.014",
url = "http://www.sciencedirect.com/science/article/pii/S1532046414000999",
author = "Vasa Curcin and Thomas Woodcock and Alan J. Poots and Azeem Majeed and Derek Bell",
keywords = "D2.1 (Software engineering) requirements/specification J.3 (life and medical sciences): Health model-driven architectures, Healthcare analytics, Quality improvement, Data collection, Metrics, Performance analytics"
}
@article{SANZ1999665,
title = "Progressive domain focalization in intelligent control systems",
journal = "Control Engineering Practice",
volume = "7",
number = "5",
pages = "665 - 671",
year = "1999",
issn = "0967-0661",
doi = "https://doi.org/10.1016/S0967-0661(99)00012-X",
url = "http://www.sciencedirect.com/science/article/pii/S096706619900012X",
author = "Ricardo Sanz and Idoia Alarcón and Miguel Segarra and Jose A. Clavijo and Angel de Antonio",
keywords = "Intelligent control, Industrial process control, Architectures, Software engineering, Distributed computer control systems"
}
@article{BOUDAA201717,
title = "An aspect-oriented model-driven approach for building adaptable context-aware service-based applications",
journal = "Science of Computer Programming",
volume = "136",
pages = "17 - 42",
year = "2017",
issn = "0167-6423",
doi = "https://doi.org/10.1016/j.scico.2016.08.009",
url = "http://www.sciencedirect.com/science/article/pii/S0167642316301253",
author = "Boudjemaa Boudaa and Slimane Hammoudi and Leila Amel Mebarki and Abdelkader Bouguessa and Mohammed Amine Chikh",
keywords = "Context-aware service-based application, ContextAspect, Model-driven methodology, Aspect weaving, Dynamic adaptation"
}
@article{VASCONCELOS2000177,
title = "Slicing knowledge-based systems: techniques and applications",
journal = "Knowledge-Based Systems",
volume = "13",
number = "4",
pages = "177 - 198",
year = "2000",
issn = "0950-7051",
doi = "https://doi.org/10.1016/S0950-7051(00)00058-7",
url = "http://www.sciencedirect.com/science/article/pii/S0950705100000587",
author = "W.W. Vasconcelos and M.A.T. Aragão",
keywords = "Slicing techniques, Automated support, Development and reuse of systems"
}
@article{WETZEL201780,
title = "A novel Python program for implementation of quality control in the ELISA",
journal = "Journal of Immunological Methods",
volume = "448",
pages = "80 - 84",
year = "2017",
issn = "0022-1759",
doi = "https://doi.org/10.1016/j.jim.2017.05.012",
url = "http://www.sciencedirect.com/science/article/pii/S0022175917301862",
author = "Hanna N. Wetzel and Cinder Cohen and Andrew B. Norman and Rose P. Webster",
keywords = "ELISA, Quality control, Python, Levey-Jennings control charts"
}
@article{BEUSCARTZEPHIR2010e43,
title = "Example of a Human Factors Engineering approach to a medication administration work system: Potential impact on patient safety",
journal = "International Journal of Medical Informatics",
volume = "79",
number = "4",
pages = "e43 - e57",
year = "2010",
note = "Human Factors Engineering for Healthcare Applications Special Issue",
issn = "1386-5056",
doi = "https://doi.org/10.1016/j.ijmedinf.2009.07.002",
url = "http://www.sciencedirect.com/science/article/pii/S1386505609001142",
author = "Marie-Catherine Beuscart-Zéphir and Sylvia Pelayo and Stéphanie Bernonville",
keywords = "Human Factors, Medication administration, Patient safety, Usability, CPOE"
}
@article{CHEUNG2016181,
title = "[MEG]PLS: A pipeline for MEG data analysis and partial least squares statistics",
journal = "NeuroImage",
volume = "124",
pages = "181 - 193",
year = "2016",
issn = "1053-8119",
doi = "https://doi.org/10.1016/j.neuroimage.2015.08.045",
url = "http://www.sciencedirect.com/science/article/pii/S1053811915007648",
author = "Michael J. Cheung and Natasa Kovačević and Zainab Fatima and Bratislav Mišić and Anthony R. McIntosh",
keywords = "Magnetoencephalography, Partial least squares, Multivariate statistics, Beamformer, Source analysis, Networks"
}
@article{FRAZIER2017951,
title = "TomoMiner and TomoMinerCloud: A Software Platform for Large-Scale Subtomogram Structural Analysis",
journal = "Structure",
volume = "25",
number = "6",
pages = "951 - 961.e2",
year = "2017",
issn = "0969-2126",
doi = "https://doi.org/10.1016/j.str.2017.04.016",
url = "http://www.sciencedirect.com/science/article/pii/S096921261730134X",
author = "Zachary Frazier and Min Xu and Frank Alber",
keywords = "cryo-electron tomography, subtomogram alignment, subtomogram classification, fast rotational matching, distributed computing, cloud computing"
}
@article{BEG2017,
title = "Effect of surcharge on gully-manhole flow",
journal = "Journal of Hydro-environment Research",
year = "2017",
issn = "1570-6443",
doi = "https://doi.org/10.1016/j.jher.2017.08.003",
url = "http://www.sciencedirect.com/science/article/pii/S1570644316303914",
author = "Md Nazmul Azim Beg and Rita F. Carvalho and Jorge Leandro",
keywords = "Computational Fluid Dynamics (CFD), Urban drainage, OpenFOAM®, Gully-manhole, Head-loss coefficient"
}
@article{FOX2009724,
title = "Ontology-supported scientific data frameworks: The Virtual Solar-Terrestrial Observatory experience",
journal = "Computers & Geosciences",
volume = "35",
number = "4",
pages = "724 - 738",
year = "2009",
note = "Geoscience Knowledge Representation in Cyberinfrastructure",
issn = "0098-3004",
doi = "https://doi.org/10.1016/j.cageo.2007.12.019",
url = "http://www.sciencedirect.com/science/article/pii/S0098300409000247",
author = "Peter Fox and Deborah L. McGuinness and Luca Cinquini and Patrick West and Jose Garcia and James L. Benedict and Don Middleton",
keywords = "Ontologies, Semantic web, Knowledge representation, Reasoning, Data frameworks, Virtual observatories"
}
@article{FRIGORI2017165,
title = "PHAST: Protein-like heteropolymer analysis by statistical thermodynamics",
journal = "Computer Physics Communications",
volume = "215",
pages = "165 - 172",
year = "2017",
issn = "0010-4655",
doi = "https://doi.org/10.1016/j.cpc.2017.01.021",
url = "http://www.sciencedirect.com/science/article/pii/S0010465517300334",
author = "Rafael B. Frigori",
keywords = "Folding: thermodynamics, statistical mechanics, models, and pathways, Biopolymers, biopolymerization, Monte Carlo methods, Thermodynamics and statistical mechanics"
}
@article{SALCHENBERGER1989189,
title = "A strategy for integrating artificial intelligence technology into a graduate business curriculum",
journal = "Education and Computing",
volume = "5",
number = "3",
pages = "189 - 196",
year = "1989",
issn = "0167-9287",
doi = "https://doi.org/10.1016/S0167-9287(89)80042-1",
url = "http://www.sciencedirect.com/science/article/pii/S0167928789800421",
author = "Linda Salchenberger",
keywords = "Artificial intelligence, Expert systems, Knowledge-based systems, Graduate school of business curriculum"
}
@article{RUSU2012121,
title = "Automated tracing of filaments in 3D electron tomography reconstructions using Sculptor and Situs",
journal = "Journal of Structural Biology",
volume = "178",
number = "2",
pages = "121 - 128",
year = "2012",
note = "Special Issue: Electron Tomography",
issn = "1047-8477",
doi = "https://doi.org/10.1016/j.jsb.2012.03.001",
url = "http://www.sciencedirect.com/science/article/pii/S104784771200069X",
author = "Mirabela Rusu and Zbigniew Starosolski and Manuel Wahle and Alexander Rigort and Willy Wriggers",
keywords = "Tomograms, 3D analysis, Filament detection, Actin networks, Denoising, Segmentation"
}
@incollection{GIUSEPPINI200589,
title = "Chapter 3 - Exploring the Windows Event Log",
editor = "Gabriele Giuseppini and Mark Burnett",
booktitle = "Microsoft Log Parser Toolkit",
publisher = "Syngress",
address = "Burlington",
pages = "89 - 123",
year = "2005",
isbn = "978-1-932266-52-8",
doi = "https://doi.org/10.1016/B978-193226652-8/50007-X",
url = "http://www.sciencedirect.com/science/article/pii/B978193226652850007X",
author = "Gabriele Giuseppini and Mark Burnett"
}
@incollection{STEPHENS2005463,
title = "Chapter 13 - SmartUpdate",
editor = "Robert Stephens and Barry J. Stiefel and Stephen Watkins and Simon Desmeules and Eli Faskha",
booktitle = "Configuring Check Point NGX VPN-1/Firewall-1",
publisher = "Syngress",
address = "Burlington",
pages = "463 - 487",
year = "2005",
isbn = "978-1-59749-031-3",
doi = "https://doi.org/10.1016/B978-159749031-3/50017-X",
url = "http://www.sciencedirect.com/science/article/pii/B978159749031350017X",
author = "Robert Stephens and Barry J. Stiefel and Stephen Watkins and Simon Desmeules and Eli Faskha"
}
@article{WARNE201495,
title = "Comparison of High Level FPGA Hardware Design for Solving Tri-diagonal Linear Systems",
journal = "Procedia Computer Science",
volume = "29",
pages = "95 - 101",
year = "2014",
note = "2014 International Conference on Computational Science",
issn = "1877-0509",
doi = "https://doi.org/10.1016/j.procs.2014.05.009",
url = "http://www.sciencedirect.com/science/article/pii/S1877050914001860",
author = "David J. Warne and Neil A. Kelson and Ross F. Hayward",
keywords = "Reconfigurable Computing, Field Programmable Gate Arrays, High Level Synthesis, Open Computing Language, Numerical Linear Algebra, Tri-diagonal Linear Systems"
}
@incollection{EDWARDS20065,
title = "Chapter 2 - Education",
editor = "Lewin A.R. W. Edwards",
booktitle = "So You Wanna Be an Embedded Engineer",
publisher = "Newnes",
address = "Burlington",
pages = "5 - 35",
year = "2006",
series = "Embedded Technology",
isbn = "978-0-7506-7953-4",
doi = "https://doi.org/10.1016/B978-075067953-4/50002-8",
url = "http://www.sciencedirect.com/science/article/pii/B9780750679534500028",
author = "Lewin A.R. W. Edwards"
}
@article{ZAMORANO2002267,
title = "GNAT/ORK: AN OPEN CROSS-DEVELOPMENT ENVIRONMENT FOR EMBEDDED RAVENSCAR–ADA SOFTWARE",
journal = "IFAC Proceedings Volumes",
volume = "35",
number = "1",
pages = "267 - 272",
year = "2002",
note = "15th IFAC World Congress",
issn = "1474-6670",
doi = "https://doi.org/10.3182/20020721-6-ES-1901.00950",
url = "http://www.sciencedirect.com/science/article/pii/S147466701539371X",
author = "Juan Zamorano and José F. Ruiz",
keywords = "Safety–critical, Real–time systems, Real–time languages, Ada tasking programs, Software tools"
}
@article{CLAES20147291,
title = "Merging event logs for process mining: A rule based merging method and rule suggestion algorithm",
journal = "Expert Systems with Applications",
volume = "41",
number = "16",
pages = "7291 - 7306",
year = "2014",
issn = "0957-4174",
doi = "https://doi.org/10.1016/j.eswa.2014.06.012",
url = "http://www.sciencedirect.com/science/article/pii/S0957417414003534",
author = "Jan Claes and Geert Poels",
keywords = "Business process management, Process mining, Event log merging, Inter-organizational process modeling"
}
@article{VOLLEBREGT1999195,
title = "A study of PROforma, a development methodology for clinical procedures",
journal = "Artificial Intelligence in Medicine",
volume = "17",
number = "2",
pages = "195 - 221",
year = "1999",
issn = "0933-3657",
doi = "https://doi.org/10.1016/S0933-3657(99)00016-0",
url = "http://www.sciencedirect.com/science/article/pii/S0933365799000160",
author = "Arjen Vollebregt and Annette ten Teije and Frank van Harmelen and Johan van der Lei and Mees Mosseveld",
keywords = "Protocol-based medical systems, Knowledge-based systems, Development methodologies, PROforma, KADS"
}
@article{OMAR2012390,
title = "eTiPs: A Rule-based Team Performance Prediction Model Prototype",
journal = "Procedia Technology",
volume = "1",
pages = "390 - 394",
year = "2012",
note = "First World Conference on Innovation and Computer Sciences (INSODE 2011)",
issn = "2212-0173",
doi = "https://doi.org/10.1016/j.protcy.2012.02.089",
url = "http://www.sciencedirect.com/science/article/pii/S2212017312000904",
author = "Mazni Omar and Sharifah-Lailee Syed-Abdullah and Naimah Mohd Hussin",
keywords = "Rule-based, prediction model, team effectivenesss, rough set"
}
@article{KALAYCI2016163,
title = "An ant colony system empowered variable neighborhood search algorithm for the vehicle routing problem with simultaneous pickup and delivery",
journal = "Expert Systems with Applications",
volume = "66",
pages = "163 - 175",
year = "2016",
issn = "0957-4174",
doi = "https://doi.org/10.1016/j.eswa.2016.09.017",
url = "http://www.sciencedirect.com/science/article/pii/S0957417416304961",
author = "Can B. Kalayci and Can Kaya",
keywords = "Vehicle routing problem, Simultaneous pickup and delivery, Time limit, Ant colony system, Variable neighborhood search, Metaheuristics"
}
@article{MINERAUD20165,
title = "A gap analysis of Internet-of-Things platforms",
journal = "Computer Communications",
volume = "89-90",
pages = "5 - 16",
year = "2016",
note = "Internet of Things\: Research challenges and Solutions",
issn = "0140-3664",
doi = "https://doi.org/10.1016/j.comcom.2016.03.015",
url = "http://www.sciencedirect.com/science/article/pii/S0140366416300731",
author = "Julien Mineraud and Oleksiy Mazhelis and Xiang Su and Sasu Tarkoma",
keywords = "Internet of Things, IoT platforms, IoT marketplace, Gap analysis, IoT ecosystem"
}
@article{KOH1998285,
title = "Organizational Learning in Successful East Asian Firms: Principles, Practices, and Prospects",
journal = "Technological Forecasting and Social Change",
volume = "58",
number = "3",
pages = "285 - 295",
year = "1998",
issn = "0040-1625",
doi = "https://doi.org/10.1016/S0040-1625(98)00015-8",
url = "http://www.sciencedirect.com/science/article/pii/S0040162598000158",
author = "Ai-Tee Koh"
}
@article{NWAGBOSO2004291,
title = "Time compression design with decision support for intelligent transport systems deployment",
journal = "Computers in Industry",
volume = "54",
number = "3",
pages = "291 - 306",
year = "2004",
issn = "0166-3615",
doi = "https://doi.org/10.1016/j.compind.2003.10.008",
url = "http://www.sciencedirect.com/science/article/pii/S0166361504000089",
author = "C. Nwagboso and P. Georgakis and D. Dyke",
keywords = "Time compression, Intelligent transportation systems, Design CASE tools, Design optimisation, Software engineering"
}
@article{DIAZ2005649,
title = "Modelling hypermedia and web applications: the Ariadne Development Method",
journal = "Information Systems",
volume = "30",
number = "8",
pages = "649 - 673",
year = "2005",
issn = "0306-4379",
doi = "https://doi.org/10.1016/j.is.2004.09.001",
url = "http://www.sciencedirect.com/science/article/pii/S0306437904000924",
author = "Paloma Díaz and Susana Montero and Ignacio Aedo",
keywords = "Hypermedia development, Software engineering methods, Authoring-in-the-large, Authoring-in-the-small, Evaluation, User-centered development, User interfaces, Hypermedia security"
}
@article{MARINHO20132381,
title = "MobiLine: A Nested Software Product Line for the domain of mobile and context-aware applications",
journal = "Science of Computer Programming",
volume = "78",
number = "12",
pages = "2381 - 2398",
year = "2013",
note = "Special Section on International Software Product Line Conference 2010 and Fundamentals of Software Engineering (selected papers of FSEN 2011)",
issn = "0167-6423",
doi = "https://doi.org/10.1016/j.scico.2012.04.009",
url = "http://www.sciencedirect.com/science/article/pii/S0167642312000871",
author = "Fabiana G. Marinho and Rossana M.C. Andrade and Cláudia Werner and Windson Viana and Marcio E.F. Maia and Lincoln S. Rocha and Eldânae Teixeira and João B. Ferreira Filho and Valéria L.L. Dantas and Fabrício Lima and Saulo Aguiar",
keywords = "Context-awareness, Mobility, Software product line"
}
@article{GRIFFON20143,
title = "AMAPstudio: An editing and simulation software suite for plants architecture modelling",
journal = "Ecological Modelling",
volume = "290",
pages = "3 - 10",
year = "2014",
note = "Special Issue of the 4th International Symposium on Plant Growth Modeling, Simulation, Visualization and Applications (PMA’12 )",
issn = "0304-3800",
doi = "https://doi.org/10.1016/j.ecolmodel.2013.10.037",
url = "http://www.sciencedirect.com/science/article/pii/S030438001300536X",
author = "Sébastien Griffon and François de Coligny",
keywords = "Plant architecture, Modelling, 3D, Simulation, Framework, Software"
}
@article{OBARA199737,
title = "Metrics and analyses in the test phase of large-scale software",
journal = "Journal of Systems and Software",
volume = "38",
number = "1",
pages = "37 - 46",
year = "1997",
note = "Achieving Quality in Software",
issn = "0164-1212",
doi = "https://doi.org/10.1016/S0164-1212(97)00062-9",
url = "http://www.sciencedirect.com/science/article/pii/S0164121297000629",
author = "E. Obara and T. Kawasaki and Y. Ookawa and N. Maeda"
}
@article{ZUPAN199053,
title = "Can an instrument learn from experiments done by itself?",
journal = "Analytica Chimica Acta",
volume = "235",
pages = "53 - 63",
year = "1990",
issn = "0003-2670",
doi = "https://doi.org/10.1016/S0003-2670(00)82061-9",
url = "http://www.sciencedirect.com/science/article/pii/S0003267000820619",
author = "J. Zupan"
}
@article{BENNER1988221,
title = "Knowledge-based software assistant",
journal = "Knowledge-Based Systems",
volume = "1",
number = "4",
pages = "221 - 226",
year = "1988",
issn = "0950-7051",
doi = "https://doi.org/10.1016/0950-7051(88)90032-9",
url = "http://www.sciencedirect.com/science/article/pii/0950705188900329",
author = "Kevin M. Benner",
keywords = "artificial intelligence, software development, enabling technologies, knowledge-based programming"
}
@article{PERNSTAL201544,
title = "Requirements communication and balancing in large-scale software-intensive product development",
journal = "Information and Software Technology",
volume = "67",
pages = "44 - 64",
year = "2015",
issn = "0950-5849",
doi = "https://doi.org/10.1016/j.infsof.2015.06.007",
url = "http://www.sciencedirect.com/science/article/pii/S0950584915001111",
author = "J. Pernstål and T. Gorschek and R. Feldt and D. Florén",
keywords = "Organizational management and coordination, Requirements engineering, Software engineering, Automotive industry, Case study, Lean and agile product development"
}
@article{WALKER1986161,
title = "Knowledge resource tools for information access",
journal = "Future Generation Computer Systems",
volume = "2",
number = "3",
pages = "161 - 171",
year = "1986",
issn = "0167-739X",
doi = "https://doi.org/10.1016/0167-739X(86)90012-9",
url = "http://www.sciencedirect.com/science/article/pii/0167739X86900129",
author = "Donald E. Walker"
}
@article{DEININGER199677,
title = "SESAM - A Simulation System for Project Managers",
journal = "IFAC Proceedings Volumes",
volume = "29",
number = "2",
pages = "77 - 82",
year = "1996",
note = "5th IFAC/IFIP/GI/GMA Workshop on Experience With the Management of Software Projects 1995 (MSP '95), Karlsruhe, Germany, 27-29 September",
issn = "1474-6670",
doi = "https://doi.org/10.1016/S1474-6670(17)43781-5",
url = "http://www.sciencedirect.com/science/article/pii/S1474667017437815",
author = "Marcus Deininger and Anke Drappa",
keywords = "Educational aids, Process simulator, Project management, Training"
}
@article{JIANG2002507,
title = "Reducing user-related risks during and prior to system development",
journal = "International Journal of Project Management",
volume = "20",
number = "7",
pages = "507 - 515",
year = "2002",
issn = "0263-7863",
doi = "https://doi.org/10.1016/S0263-7863(01)00049-7",
url = "http://www.sciencedirect.com/science/article/pii/S0263786301000497",
author = "James J Jiang and Gary Klein and Hong-Gee Chen and Laura Lin",
keywords = "Managing projects, User-related risk, Pre-project partnering"
}
@article{PEDROSA201731,
title = "A new reconstructed human epidermis for in vitro skin irritation testing",
journal = "Toxicology in Vitro",
volume = "42",
pages = "31 - 37",
year = "2017",
issn = "0887-2333",
doi = "https://doi.org/10.1016/j.tiv.2017.03.010",
url = "http://www.sciencedirect.com/science/article/pii/S0887233317300747",
author = "Tatiana do Nascimento Pedrosa and Carolina Motter Catarino and Paula Comune Pennacchi and Sílvia Romano de Assis and Fabrícia Gimenes and Márcia Edilaine Lopes Consolaro and Silvia Berlanga de Moraes Barros and Silvya Stuchi Maria-Engler",
keywords = "Irritation assays, RHE, OECD, New skin models"
}
@incollection{VENKEN199116,
title = "Expert Systems Embedded in Administrative Applications: Approach and Example",
editor = "Gian Piero Zarri",
booktitle = "Operational Expert System Applications in Europe",
publisher = "Pergamon",
pages = "16 - 32",
year = "1991",
isbn = "978-0-08-041438-6",
doi = "https://doi.org/10.1016/B978-0-08-041438-6.50006-0",
url = "http://www.sciencedirect.com/science/article/pii/B9780080414386500060",
author = "RAF VENKEN and FABIENNE BALFROID and GEERT VAN NEVEL"
}
@incollection{WILHELM2010153,
title = "CHAPTER 6 - Methodologies",
editor = "Thomas Wilhelm",
booktitle = "Professional Penetration Testing",
publisher = "Syngress",
address = "Boston",
pages = "153 - 179",
year = "2010",
isbn = "978-1-59749-425-0",
doi = "https://doi.org/10.1016/B978-1-59749-425-0.00010-5",
url = "http://www.sciencedirect.com/science/article/pii/B9781597494250000105",
author = "Thomas Wilhelm"
}
@article{BORKOVIC201763,
title = "Geometric nonlinear analysis of prismatic shells using the semi-analytical finite strip method",
journal = "Thin-Walled Structures",
volume = "117",
pages = "63 - 88",
year = "2017",
issn = "0263-8231",
doi = "https://doi.org/10.1016/j.tws.2017.03.033",
url = "http://www.sciencedirect.com/science/article/pii/S0263823116309557",
author = "A. Borković and S. Kovačević and D.D. Milašinović and G. Radenković and O. Mijatović and V. Golubović-Bugarski",
keywords = "Finite strip, Geometric nonlinear analysis, Prismatic shells, Stiffened plates, Structural perforations, Stepped thickness"
}
@article{ZARRELLI20061472,
title = "Enabling PVM to exploit the SCTP protocol",
journal = "Journal of Parallel and Distributed Computing",
volume = "66",
number = "11",
pages = "1472 - 1479",
year = "2006",
issn = "0743-7315",
doi = "https://doi.org/10.1016/j.jpdc.2006.04.015",
url = "http://www.sciencedirect.com/science/article/pii/S0743731506001055",
author = "Roberto Zarrelli and Mario Petrone and Angelo Iannaccio",
keywords = "PVM, SCTP, TCP, Direct tasks communications, Message passing"
}
@article{HORNEBER2014229,
title = "Numerical simulations of fluid dynamics in carrier structures for catalysis: characterization and need for optimization",
journal = "Chemical Engineering Science",
volume = "117",
pages = "229 - 238",
year = "2014",
issn = "0009-2509",
doi = "https://doi.org/10.1016/j.ces.2014.06.036",
url = "http://www.sciencedirect.com/science/article/pii/S0009250914003236",
author = "T. Horneber and C. Rauh and A. Delgado",
keywords = "Metal foam, Computational fluid mechanics, Pressure drop, Tetrakaidecahedron structure, Catalyst support, Porous media"
}
@article{ALHO19965,
title = "Process enactment support in a distributed environment",
journal = "Computers in Industry",
volume = "29",
number = "1",
pages = "5 - 13",
year = "1996",
note = "WET ICE '95",
issn = "0166-3615",
doi = "https://doi.org/10.1016/0166-3615(95)00050-X",
url = "http://www.sciencedirect.com/science/article/pii/016636159500050X",
author = "Kari Alho and Casper Lassenius and Reijo Sulonen",
keywords = "Process modeling, Process enactment, Enterprise integration, Configuration management, Software engineering"
}
@article{VARGAS2006141,
title = "WEB-BASED LEARNING RESOURCES FOR VOCATIONAL TRAINING FOR AUTOMATION TECHNICIANS",
journal = "IFAC Proceedings Volumes",
volume = "39",
number = "6",
pages = "141 - 146",
year = "2006",
note = "7th IFAC Symposium on Advances in Control Education",
issn = "1474-6670",
doi = "https://doi.org/10.3182/20060621-3-ES-2905.00026",
url = "http://www.sciencedirect.com/science/article/pii/S1474667015331207",
author = "H. Vargas and J. Sánchez and S. Dormido and G. Farias and N. Duro and R. Dormido-Canto and S. Dormido-Canto and F. Esquembre",
keywords = "laboratory education, distance learning, web-based experimentation, virtual laboratory"
}
@article{SARIMBEKOV2014146,
title = "JP2: Call-site aware calling context profiling for the Java Virtual Machine",
journal = "Science of Computer Programming",
volume = "79",
pages = "146 - 157",
year = "2014",
note = "Experimental Software and Toolkits (EST 4): A special issue of the Workshop on Academic Software Development Tools and Techniques (WASDeTT-3 2010)",
issn = "0167-6423",
doi = "https://doi.org/10.1016/j.scico.2011.11.003",
url = "http://www.sciencedirect.com/science/article/pii/S0167642311002036",
author = "Aibek Sarimbekov and Andreas Sewe and Walter Binder and Philippe Moret and Mira Mezini",
keywords = "Calling context profiling, Bytecode instrumentation, Dynamic metrics, Selective profiling"
}
@article{SANZ199853,
title = "Progressive Domain Focalization in Intelligent Control Systems",
journal = "IFAC Proceedings Volumes",
volume = "31",
number = "4",
pages = "53 - 58",
year = "1998",
note = "5th IFAC Workshop on Algorithms & Architecture for Real Time Control (AARTC'98), Cancun, Mexico, 15-17 April 1998",
issn = "1474-6670",
doi = "https://doi.org/10.1016/S1474-6670(17)42133-1",
url = "http://www.sciencedirect.com/science/article/pii/S1474667017421331",
author = "Ricardo Sanz and Idoia Alarcón and Miguel Segarra and Jose A. Clavijo and Angel de Antonio",
keywords = "Intelligent Control, Industrial process control, Architecture, Software Engineering, Distributed Computer Control Systems"
}
@article{DOMINGUEZ20121045,
title = "A systematic review of code generation proposals from state machine specifications",
journal = "Information and Software Technology",
volume = "54",
number = "10",
pages = "1045 - 1066",
year = "2012",
issn = "0950-5849",
doi = "https://doi.org/10.1016/j.infsof.2012.04.008",
url = "http://www.sciencedirect.com/science/article/pii/S0950584912000924",
author = "Eladio Domı´nguez and Beatriz Pérez and Ángel L. Rubio and Marı´a A. Zapata",
keywords = "UML state machines, Finite state machines, Statecharts, Code generation, Systematic review"
}
@article{SANCHEZCARTAGENA201546,
title = "A generalised alignment template formalism and its application to the inference of shallow-transfer machine translation rules from scarce bilingual corpora",
journal = "Computer Speech & Language",
volume = "32",
number = "1",
pages = "46 - 90",
year = "2015",
note = "Hybrid Machine Translation: integration of linguistics and statistics",
issn = "0885-2308",
doi = "https://doi.org/10.1016/j.csl.2014.10.003",
url = "http://www.sciencedirect.com/science/article/pii/S0885230814001028",
author = "Víctor M. Sánchez-Cartagena and Juan Antonio Pérez-Ortiz and Felipe Sánchez-Martínez",
keywords = "Machine translation, Transfer rule inference, Hybrid machine translation"
}
@article{SOUSA2014842,
title = "viStaMPS – A Collaborative Project for StaMPS-MTI Results Interpretation",
journal = "Procedia Technology",
volume = "16",
pages = "842 - 848",
year = "2014",
note = "CENTERIS 2014 - Conference on ENTERprise Information Systems / ProjMAN 2014 - International Conference on Project MANagement / HCIST 2014 - International Conference on Health and Social Care Information Systems and Technologies",
issn = "2212-0173",
doi = "https://doi.org/10.1016/j.protcy.2014.10.034",
url = "http://www.sciencedirect.com/science/article/pii/S2212017314002618",
author = "Joaquim J. Sousa and Pedro Guimarães and António Sousa and Antonio M. Ruiz and Glória Patrício and Luis Magalhães and Francisco Pereira",
keywords = "viStaMPS, StaMPS, Multi-Temporal Interferometry, Collaborative Project"
}
@article{ROSENWALD2012540,
title = "The Human Microbiome Project: An Opportunity to Engage Undergraduates in Research",
journal = "Procedia Computer Science",
volume = "9",
pages = "540 - 549",
year = "2012",
note = "Proceedings of the International Conference on Computational Science, ICCS 2012",
issn = "1877-0509",
doi = "https://doi.org/10.1016/j.procs.2012.04.058",
url = "http://www.sciencedirect.com/science/article/pii/S1877050912001792",
author = "Anne G. Rosenwald and Gaurav S. Arora and Ramana Madupu and Jennifer Roecklein-Canfield and Janet S. Russell",
keywords = "Human Microbiome Project, bioinformatics, genomics, undergraduates"
}
@article{OLORISADE20131590,
title = "Determining the effectiveness of three software evaluation techniques through informal aggregation",
journal = "Information and Software Technology",
volume = "55",
number = "9",
pages = "1590 - 1601",
year = "2013",
issn = "0950-5849",
doi = "https://doi.org/10.1016/j.infsof.2013.02.015",
url = "http://www.sciencedirect.com/science/article/pii/S095058491300061X",
author = "Babatunde Kazeem Olorisade and Sira Vegas and Natalia Juristo",
keywords = "Testing technique, Aggregation, Experimentation, Testing technique effectiveness"
}
@article{FDEZGLEZ20157969,
title = "A dynamic model for integrating simple web spam classification techniques",
journal = "Expert Systems with Applications",
volume = "42",
number = "21",
pages = "7969 - 7978",
year = "2015",
issn = "0957-4174",
doi = "https://doi.org/10.1016/j.eswa.2015.06.043",
url = "http://www.sciencedirect.com/science/article/pii/S0957417415004455",
author = "Jorge Fdez-Glez and David Ruano-Ordas and José Ramón Méndez and Florentino Fdez-Riverola and Rosalía Laza and Reyes Pavón",
keywords = "Web spam, Dynamic model, Instance based reasoning, Ensemble approaches"
}
@article{MARTINEZGARCIA2013977,
title = "Sharing clinical decisions for multimorbidity case management using social network and open-source tools",
journal = "Journal of Biomedical Informatics",
volume = "46",
number = "6",
pages = "977 - 984",
year = "2013",
note = "Special Section: Social Media Environments",
issn = "1532-0464",
doi = "https://doi.org/10.1016/j.jbi.2013.06.007",
url = "http://www.sciencedirect.com/science/article/pii/S1532046413000828",
author = "Alicia Martínez-García and Alberto Moreno-Conde and Francisco Jódar-Sánchez and Sandra Leal and Carlos Parra",
keywords = "Decision support systems, Clinical, Social network, Multimorbidity patient, Case management, Technology acceptance model"
}
@article{ABRAMOV20121029,
title = "Evaluation of the Pattern-based method for Secure Development (PbSD): A controlled experiment",
journal = "Information and Software Technology",
volume = "54",
number = "9",
pages = "1029 - 1043",
year = "2012",
issn = "0950-5849",
doi = "https://doi.org/10.1016/j.infsof.2012.04.001",
url = "http://www.sciencedirect.com/science/article/pii/S0950584912000729",
author = "Jenny Abramov and Arnon Sturm and Peretz Shoval",
keywords = "Database design, Model driven development, Secure software development, Authorization, Security patterns, Controlled experiment"
}
@article{HEMMATI2015412,
title = "Investigating the effect of “defect co-fix” on quality assurance resource allocation: A search-based approach",
journal = "Journal of Systems and Software",
volume = "103",
pages = "412 - 422",
year = "2015",
issn = "0164-1212",
doi = "https://doi.org/10.1016/j.jss.2014.11.040",
url = "http://www.sciencedirect.com/science/article/pii/S0164121214002714",
author = "Hadi Hemmati and Meiyappan Nagappan and Ahmed E. Hassan",
keywords = "Defect prediction, Co-fix, Search-based prioritization"
}
@article{FISCHER2005482,
title = "Beyond binary choices: Integrating individual and social creativity",
journal = "International Journal of Human-Computer Studies",
volume = "63",
number = "4",
pages = "482 - 512",
year = "2005",
note = "Computer support for creativity",
issn = "1071-5819",
doi = "https://doi.org/10.1016/j.ijhcs.2005.04.014",
url = "http://www.sciencedirect.com/science/article/pii/S1071581905000479",
author = "Gerhard Fischer and Elisa Giaccardi and Hal Eden and Masanori Sugimoto and Yunwen Ye",
keywords = "Collaborative design, Individual creativity, Social creativity, Collaboration models, Distributed cognition, Boundary objects, Seeding, Evolutionary growth, Reseeding (SER) process model, Meta-design, Envisionment and Discovery Collaboratory (EDC), Caretta, Renga, Codebroker, Interactive art, Open source, Software reuse, Reflective communities, Socio-technical environments, Unselfconscious cultures of design"
}
@article{PAGANI201662,
title = "Semi-automated registration-based anatomical labelling, voxel based morphometry and cortical thickness mapping of the mouse brain",
journal = "Journal of Neuroscience Methods",
volume = "267",
pages = "62 - 73",
year = "2016",
issn = "0165-0270",
doi = "https://doi.org/10.1016/j.jneumeth.2016.04.007",
url = "http://www.sciencedirect.com/science/article/pii/S0165027016300450",
author = "Marco Pagani and Mario Damiano and Alberto Galbusera and Sotirios A. Tsaftaris and Alessandro Gozzi",
keywords = "Voxel based morphometry, Cortical thickness, Anatomical labelling, Mouse brain, MRI"
}
@article{FRUHAUF19861,
title = "Some Thoughts On Software Quality Assurance",
journal = "IFAC Proceedings Volumes",
volume = "19",
number = "11",
pages = "1 - 6",
year = "1986",
note = "5th IFAC Workshop on Safety of Computer Control Systems 1986 (SAFECOMP '86). Trends in Safe Real Time Computer Systems, Sarlat, France, 14-17 October, 1986",
issn = "1474-6670",
doi = "https://doi.org/10.1016/B978-0-08-034801-8.50006-4",
url = "http://www.sciencedirect.com/science/article/pii/B9780080348018500064",
author = "K. Frühauf",
keywords = "Computer software, software quality assurance, software engineering, software management"
}
@incollection{BROWNE199085,
title = "Chapter 4 - Methods for Building Adaptive Systems",
editor = "DERMOT BROWNE and PETER TOTTERDELL and MIKE NORMAN",
booktitle = "Adaptive User Interfaces",
publisher = "Academic Press",
address = "London",
pages = "85 - 130",
year = "1990",
isbn = "978-0-12-137755-7",
doi = "https://doi.org/10.1016/B978-0-12-137755-7.50009-1",
url = "http://www.sciencedirect.com/science/article/pii/B9780121377557500091",
author = "D. Browne and M. Norman and E. Adhami"
}
@incollection{PENNINGTON199045,
title = "Chapter 1.3 - The Tasks of Programming",
editor = "J.-M. Hoc and T.R.G. Green and R. Samurçay and D.J. Gilmore",
booktitle = "Psychology of Programming",
publisher = "Academic Press",
address = "London",
pages = "45 - 62",
year = "1990",
isbn = "978-0-12-350772-3",
doi = "https://doi.org/10.1016/B978-0-12-350772-3.50008-2",
url = "http://www.sciencedirect.com/science/article/pii/B9780123507723500082",
author = "Nancy Pennington and Beatrice Grabowski"
}
@article{BOSCO1991538,
title = "Extending entity-relationship systems to support hypotheses, constraints, versions, and documents",
journal = "Information and Software Technology",
volume = "33",
number = "8",
pages = "538 - 546",
year = "1991",
issn = "0950-5849",
doi = "https://doi.org/10.1016/0950-5849(91)90112-O",
url = "http://www.sciencedirect.com/science/article/pii/095058499190112O",
author = "MF Bosco and M Gibelli",
keywords = "database, management systems, entity-relationship approach, software engineering environments"
}
@article{GRAY200334,
title = "An historical perspective of software vulnerability management",
journal = "Information Security Technical Report",
volume = "8",
number = "4",
pages = "34 - 44",
year = "2003",
issn = "1363-4127",
doi = "https://doi.org/10.1016/S1363-4127(03)00005-0",
url = "http://www.sciencedirect.com/science/article/pii/S1363412703000050",
author = "Andy Gray"
}
@article{PAULHEIM20101103,
title = "Application integration on the user interface level: An ontology-based approach",
journal = "Data & Knowledge Engineering",
volume = "69",
number = "11",
pages = "1103 - 1116",
year = "2010",
note = "Special issue on contribution of ontologies in designing advanced information systems",
issn = "0169-023X",
doi = "https://doi.org/10.1016/j.datak.2010.07.005",
url = "http://www.sciencedirect.com/science/article/pii/S0169023X1000087X",
author = "Heiko Paulheim and Florian Probst",
keywords = "Ontology-based system integration, Plugin-based software, Ontology-driven user interfaces"
}
@article{KANIJ2014495,
title = "Performance appraisal of software testers",
journal = "Information and Software Technology",
volume = "56",
number = "5",
pages = "495 - 505",
year = "2014",
note = "Performance in Software Development",
issn = "0950-5849",
doi = "https://doi.org/10.1016/j.infsof.2013.11.002",
url = "http://www.sciencedirect.com/science/article/pii/S0950584913002164",
author = "Tanjila Kanij and John Grundy and Robert Merkel",
keywords = "Performance appraisal, Software testers, Project management"
}
@article{CAMPANELLI201547,
title = "An architecture to integrate IEC 61131-3 systems in an IEC 61499 distributed solution",
journal = "Computers in Industry",
volume = "72",
pages = "47 - 67",
year = "2015",
issn = "0166-3615",
doi = "https://doi.org/10.1016/j.compind.2015.04.002",
url = "http://www.sciencedirect.com/science/article/pii/S0166361515000925",
author = "Stefano Campanelli and Pierfrancesco Foglia and Cosimo Antonio Prete",
keywords = "PLC, SW reuse and integration, Distributed control systems, IEC 61131, IEC 61499, Discrete manufacturing, Manufacturing automation"
}
@article{UZUNOV2015112,
title = "ASE: A comprehensive pattern-driven security methodology for distributed systems",
journal = "Computer Standards & Interfaces",
volume = "41",
pages = "112 - 137",
year = "2015",
issn = "0920-5489",
doi = "https://doi.org/10.1016/j.csi.2015.02.011",
url = "http://www.sciencedirect.com/science/article/pii/S0920548915000276",
author = "Anton V. Uzunov and Eduardo B. Fernandez and Katrina Falkner",
keywords = "Secure software engineering, Security methodologies, Distributed systems security, Security patterns, Security solution frames"
}
@article{MEYERHOFER200525,
title = "Estimating Non-functional Properties of Component-based Software Based on Resource Consumption",
journal = "Electronic Notes in Theoretical Computer Science",
volume = "114",
pages = "25 - 45",
year = "2005",
note = "Proceedings of the Software Composition Workshop (SC 2004)",
issn = "1571-0661",
doi = "https://doi.org/10.1016/j.entcs.2004.02.066",
url = "http://www.sciencedirect.com/science/article/pii/S1571066104052648",
author = "Marcus Meyerhöfer and Klaus Meyer-Wegener",
keywords = "Non-functional properties, software components, estimation, resource consumption, assembly matrix, response time"
}
@article{KAMRANI2001361,
title = "A genetic algorithm methodology for data mining and intelligent knowledge acquisition",
journal = "Computers & Industrial Engineering",
volume = "40",
number = "4",
pages = "361 - 377",
year = "2001",
issn = "0360-8352",
doi = "https://doi.org/10.1016/S0360-8352(01)00036-5",
url = "http://www.sciencedirect.com/science/article/pii/S0360835201000365",
author = "Ali Kamrani and Wang Rong and Ricardo Gonzalez",
keywords = "Intelligent diagonis system, Genetic algorithm, Design of experiment"
}
@article{JONES1986241,
title = "Automated tools for the analyst: Review of an analysts' workbench",
journal = "Data Processing",
volume = "28",
number = "5",
pages = "241 - 243",
year = "1986",
issn = "0011-684X",
doi = "https://doi.org/10.1016/0011-684X(86)90271-6",
url = "http://www.sciencedirect.com/science/article/pii/0011684X86902716",
author = "Russell Jones",
keywords = "data processing, software techniques, analyst workbench, software engineering"
}
@article{BAILIN1993251,
title = "Model-based reasoning for system and software engineering: The knowledge from pictures (KFP) environment",
journal = "Telematics and Informatics",
volume = "10",
number = "3",
pages = "251 - 264",
year = "1993",
note = "Neural Networks and Artificial Intelligence Technologies for Space Applications",
issn = "0736-5853",
doi = "https://doi.org/10.1016/0736-5853(93)90029-4",
url = "http://www.sciencedirect.com/science/article/pii/0736585393900294",
author = "Sidney Bailin and Frank Paterra and Scott Henderson and Walt Truszkowski"
}
@article{ELMLUND2012420,
title = "SIMPLE: Software for ab initio reconstruction of heterogeneous single-particles",
journal = "Journal of Structural Biology",
volume = "180",
number = "3",
pages = "420 - 427",
year = "2012",
issn = "1047-8477",
doi = "https://doi.org/10.1016/j.jsb.2012.07.010",
url = "http://www.sciencedirect.com/science/article/pii/S1047847712002183",
author = "Dominika Elmlund and Hans Elmlund",
keywords = "Single-particle, Software,  reconstruction, Flexibility, Cryo-EM, Heterogeneity, Alignment, Open source, Refinement, Clustering, Image processing, Common lines, Fourier analysis"
}
@article{DIAZLEY20101223,
title = "MIS-PyME software measurement capability maturity model – Supporting the definition of software measurement programs and capability determination",
journal = "Advances in Engineering Software",
volume = "41",
number = "10",
pages = "1223 - 1237",
year = "2010",
issn = "0965-9978",
doi = "https://doi.org/10.1016/j.advengsoft.2010.06.007",
url = "http://www.sciencedirect.com/science/article/pii/S0965997810000682",
author = "María Díaz-Ley and Félix García and Mario Piattini",
keywords = "Software measurement capability maturity model, Measurement program definition, Measurement capability determination, MIS-PyME, COMPETISOFT, Software process maturity"
}
@article{DOYMAZ2001343,
title = "A robust strategy for real-time process monitoring",
journal = "Journal of Process Control",
volume = "11",
number = "4",
pages = "343 - 359",
year = "2001",
issn = "0959-1524",
doi = "https://doi.org/10.1016/S0959-1524(00)00004-4",
url = "http://www.sciencedirect.com/science/article/pii/S0959152400000044",
author = "Fuat Doymaz and James Chen and Jose A. Romagnoli and Ahmet Palazoglu",
keywords = "Process monitoring, Nonlinear PCA, Fault detection and isolation, Robust filtering"
}
@article{ALRAJEH2009275,
title = "Using abduction and induction for operational requirements elaboration",
journal = "Journal of Applied Logic",
volume = "7",
number = "3",
pages = "275 - 288",
year = "2009",
note = "Special Issue: Abduction and Induction in Artificial Intelligence",
issn = "1570-8683",
doi = "https://doi.org/10.1016/j.jal.2008.10.002",
url = "http://www.sciencedirect.com/science/article/pii/S1570868308000633",
author = "D. Alrajeh and O. Ray and A. Russo and S. Uchitel",
keywords = "Inductive logic programming, Abductive reasoning, Goal-oriented requirements engineering, Scenario-based specification, Linear temporal logic, Event Calculus"
}
@article{FENSEL1998243,
title = "Modal Change Logic (MCL): Specifying the reasoning of knowledge-based systems",
journal = "Data & Knowledge Engineering",
volume = "26",
number = "3",
pages = "243 - 269",
year = "1998",
issn = "0169-023X",
doi = "https://doi.org/10.1016/S0169-023X(98)00047-0",
url = "http://www.sciencedirect.com/science/article/pii/S0169023X98000470",
author = "Dieter Fensel and Rix Groenboom and G.R.Renardel de Lavalette",
keywords = "Modal logic, Dynamic logic, Formal specification, Knowledge-based systems, Axiomatic semantics"
}
@article{FEDOROV20121323,
title = "3D Slicer as an image computing platform for the Quantitative Imaging Network",
journal = "Magnetic Resonance Imaging",
volume = "30",
number = "9",
pages = "1323 - 1341",
year = "2012",
note = "Quantitative Imaging in Cancer",
issn = "0730-725X",
doi = "https://doi.org/10.1016/j.mri.2012.05.001",
url = "http://www.sciencedirect.com/science/article/pii/S0730725X12001816",
author = "Andriy Fedorov and Reinhard Beichel and Jayashree Kalpathy-Cramer and Julien Finet and Jean-Christophe Fillion-Robin and Sonia Pujol and Christian Bauer and Dominique Jennings and Fiona Fennessy and Milan Sonka and John Buatti and Stephen Aylward and James V. Miller and Steve Pieper and Ron Kikinis",
keywords = "Cancer imaging, Quantitative imaging, Software tools, Medical imaging, Imaging biomarkers, Image analysis, MRI, PET, CT, Brain, Head and neck, Prostate, Glioblastima, Cancer treatment response"
}
@article{ZHAO201737,
title = "Towards an understanding of change types in bug fixing code",
journal = "Information and Software Technology",
volume = "86",
pages = "37 - 53",
year = "2017",
issn = "0950-5849",
doi = "https://doi.org/10.1016/j.infsof.2017.02.003",
url = "http://www.sciencedirect.com/science/article/pii/S0950584917301313",
author = "Yangyang Zhao and Hareton Leung and Yibiao Yang and Yuming Zhou and Baowen Xu",
keywords = "Change, Bug fixing code, Empirical study, Understanding, Software quality"
}
@article{BOLOGA2014126,
title = "Organizational learning networks that can increase the productivity of IT consulting companies. A case study for ERP consultants",
journal = "Expert Systems with Applications",
volume = "41",
number = "1",
pages = "126 - 136",
year = "2014",
note = "21st Century Logistics and Supply Chain Management",
issn = "0957-4174",
doi = "https://doi.org/10.1016/j.eswa.2013.07.016",
url = "http://www.sciencedirect.com/science/article/pii/S0957417413004934",
author = "Razvan Bologa and Ana Ramona Lupu",
keywords = "Learning social networks, Knowledge sharing, Software development education, Enterprise resource planning, ABAP"
}
@article{MII199345,
title = "Software re-engineering and reuse from a Japanese point of view",
journal = "Information and Software Technology",
volume = "35",
number = "1",
pages = "45 - 53",
year = "1993",
issn = "0950-5849",
doi = "https://doi.org/10.1016/0950-5849(93)90028-2",
url = "http://www.sciencedirect.com/science/article/pii/0950584993900282",
author = "N Mii and T Takeshita",
keywords = "software maintenance, software restructuring, software reverse engineering, software re-engineering, software reuse, software skeletons, software parts, repository, knowledge bases, domain knowledge"
}
@article{AUER201193,
title = "HerbariaViz: A web-based client–server interface for mapping and exploring flora observation data",
journal = "Ecological Informatics",
volume = "6",
number = "2",
pages = "93 - 110",
year = "2011",
issn = "1574-9541",
doi = "https://doi.org/10.1016/j.ecoinf.2010.09.001",
url = "http://www.sciencedirect.com/science/article/pii/S1574954110000968",
author = "Tom Auer and Alan M. MacEachren and Craig McCabe and Scott Pezanowski and Michael Stryker",
keywords = "Web-mapping, Geovisualization, Client–server system, Open standards, Open source, Flora collections, California Herbaria"
}
@article{WANG2001261,
title = "COM-based software architecture for multisensor fusion system",
journal = "Information Fusion",
volume = "2",
number = "4",
pages = "261 - 270",
year = "2001",
issn = "1566-2535",
doi = "https://doi.org/10.1016/S1566-2535(01)00042-2",
url = "http://www.sciencedirect.com/science/article/pii/S1566253501000422",
author = "Jun Wang and Jianbo Su and Yugeng Xi",
keywords = "Multisensor fusion system, Three-tier architecture, Component-based software engineering (CBSE), COM"
}
@article{SHOKRIPOUR2015109,
title = "A time-based approach to automatic bug report assignment",
journal = "Journal of Systems and Software",
volume = "102",
pages = "109 - 122",
year = "2015",
issn = "0164-1212",
doi = "https://doi.org/10.1016/j.jss.2014.12.049",
url = "http://www.sciencedirect.com/science/article/pii/S0164121214002933",
author = "Ramin Shokripour and John Anvik and Zarinah M. Kasirun and Sima Zamani",
keywords = "Term weighting technique, time metadata, Tf-idf Technique"
}
@article{GURUPUR201425,
title = "Semantic requirements sharing approach to develop software systems using concept maps and information entropy: A Personal Health Information System example",
journal = "Advances in Engineering Software",
volume = "70",
pages = "25 - 35",
year = "2014",
issn = "0965-9978",
doi = "https://doi.org/10.1016/j.advengsoft.2014.01.001",
url = "http://www.sciencedirect.com/science/article/pii/S0965997814000106",
author = "Varadraj P. Gurupur and Unal Sakoglu and G. Pankaj Jain and U. John Tanik",
keywords = "Semantic Web Technology, Structural properties, Concept maps, Semantic gap, Information entropy, Node source connectivity strength"
}
@article{SANTOS2008809,
title = "A Web services-based framework for building componentized digital libraries",
journal = "Journal of Systems and Software",
volume = "81",
number = "5",
pages = "809 - 822",
year = "2008",
note = "Software Process and Product Measurement",
issn = "0164-1212",
doi = "https://doi.org/10.1016/j.jss.2007.07.029",
url = "http://www.sciencedirect.com/science/article/pii/S0164121207001835",
author = "Rodrygo L.T. Santos and Pablo A. Roberto and Marcos André Gonçalves and Alberto H.F. Laender",
keywords = "Digital libraries, Web services, Component-based software development, Software evaluation"
}
@article{VERMESI2017218,
title = "Pyrolysis and spontaneous ignition of wood under transient irradiation: Experiments and a-priori predictions",
journal = "Fire Safety Journal",
volume = "91",
pages = "218 - 225",
year = "2017",
note = "Fire Safety Science: Proceedings of the 12th International Symposium",
issn = "0379-7112",
doi = "https://doi.org/10.1016/j.firesaf.2017.03.081",
url = "http://www.sciencedirect.com/science/article/pii/S0379711217301662",
author = "Izabella Vermesi and Matthew J. DiDomizio and Franz Richter and Elizabeth J. Weckman and Guillermo Rein",
keywords = "Modelling, Ignition, Heat transfer, Pyrolysis"
}
@article{GOUT20021,
title = "Access Graph Visualization: A step towards better understanding of static access control",
journal = "Electronic Notes in Theoretical Computer Science",
volume = "72",
number = "2",
pages = "1 - 10",
year = "2002",
note = "GraBaTs 2002, Graph-Based Tools (First International Conference on Graph Transformation)",
issn = "1571-0661",
doi = "https://doi.org/10.1016/S1571-0661(05)80522-5",
url = "http://www.sciencedirect.com/science/article/pii/S1571066105805225",
author = "Olivier Gout and Gilles Ardourel and Marianne Huchard"
}
@article{SMITH1996265,
title = "Forecasting short term regional gas demand using an expert system",
journal = "Expert Systems with Applications",
volume = "10",
number = "2",
pages = "265 - 273",
year = "1996",
issn = "0957-4174",
doi = "https://doi.org/10.1016/0957-4174(95)00052-6",
url = "http://www.sciencedirect.com/science/article/pii/0957417495000526",
author = "Peter Smith and Sajed Husein and David T. Leonard"
}
@article{KEBIR201717,
title = "A genetic algorithm-based approach for automated refactoring of component-based software",
journal = "Information and Software Technology",
volume = "88",
pages = "17 - 36",
year = "2017",
issn = "0950-5849",
doi = "https://doi.org/10.1016/j.infsof.2017.03.009",
url = "http://www.sciencedirect.com/science/article/pii/S0950584917302495",
author = "Salim Kebir and Isabelle Borne and Djamel Meslati",
keywords = "Genetic algorithm, Refactoring, Component-based software engineering, Bad smells"
}
@article{HOLZINGER2009292,
title = "Learning performance with interactive simulations in medical education: Lessons learned from results of learning complex physiological models with the HAEMOdynamics SIMulator",
journal = "Computers & Education",
volume = "52",
number = "2",
pages = "292 - 301",
year = "2009",
issn = "0360-1315",
doi = "https://doi.org/10.1016/j.compedu.2008.08.008",
url = "http://www.sciencedirect.com/science/article/pii/S0360131508001346",
author = "Andreas Holzinger and Michael D. Kickmeier-Rust and Sigi Wassertheurer and Michael Hessinger",
keywords = "Medical simulation, Learning performance, Cognitive load, Multimedia, Educational software development"
}
@article{HUANG20111270,
title = "Performance evaluation of an online argumentation learning assistance agent",
journal = "Computers & Education",
volume = "57",
number = "1",
pages = "1270 - 1280",
year = "2011",
issn = "0360-1315",
doi = "https://doi.org/10.1016/j.compedu.2011.01.013",
url = "http://www.sciencedirect.com/science/article/pii/S0360131511000303",
author = "Chenn-Jung Huang and Yu-Wu Wang and Tz-Hau Huang and Ying-Chen Chen and Heng-Ming Chen and Shun-Chih Chang",
keywords = "Cooperative/collaborative learning, Elementary education, Evaluation methodologies, Evaluation of CAL systems, Intelligent tutoring systems, Learning assistant, State-transition diagrams, Online argumentation, Heterogeneous grouping"
}
@article{MOYA201446,
title = "Improving the design and production data flow of a complex curvilinear geometric Glass Reinforced Concrete façade",
journal = "Automation in Construction",
volume = "38",
pages = "46 - 58",
year = "2014",
issn = "0926-5805",
doi = "https://doi.org/10.1016/j.autcon.2013.10.025",
url = "http://www.sciencedirect.com/science/article/pii/S0926580513001933",
author = "Quim Moya and Oriol Pons",
keywords = "Computer aided design, Complex shapes, Software development, Prefabricated façade, GRC"
}
@article{CACIOPPO201411,
title = "Dynamic spatiotemporal brain analyses using high performance electrical neuroimaging: Theoretical framework and validation",
journal = "Journal of Neuroscience Methods",
volume = "238",
pages = "11 - 34",
year = "2014",
issn = "0165-0270",
doi = "https://doi.org/10.1016/j.jneumeth.2014.09.009",
url = "http://www.sciencedirect.com/science/article/pii/S0165027014003343",
author = "Stephanie Cacioppo and Robin M. Weiss and Hakizumwami Birali Runesha and John T. Cacioppo",
keywords = "Topographic analysis, Brain modeling, Data-driven, Electrical neuroimaging, Electrodynamics, Event-related potentials, Electroencephalography, Image segmentation, Mean square error methods, Root mean square, Cosine distance metric, Bootstrapping, Open source"
}
@article{TANIFUJI1993761,
title = "Hyperplant: Interaction with Plant through Live Video",
journal = "IFAC Proceedings Volumes",
volume = "26",
number = "2, Part 2",
pages = "761 - 764",
year = "1993",
note = "12th Triennal Wold Congress of the International Federation of Automatic control. Volume 2 Robust Control, Design and Software, Sydney, Australia, 18-23 July",
issn = "1474-6670",
doi = "https://doi.org/10.1016/S1474-6670(17)49047-1",
url = "http://www.sciencedirect.com/science/article/pii/S1474667017490471",
author = "S. Tanifuji and M. Tani and K. Yamaashi and K. Tanikoshi and M. Futakawa",
keywords = "Supervisory control, man-machine systems, information retrieval, power system control, software engineering, multimedia, object-oriented metaphor"
}
@article{SOLLBACH1989323,
title = "Real-time control of robots: Strategies for hardware and software development",
journal = "Robotics and Computer-Integrated Manufacturing",
volume = "6",
number = "4",
pages = "323 - 329",
year = "1989",
note = "Special Issue Robots in Manufacturing",
issn = "0736-5845",
doi = "https://doi.org/10.1016/0736-5845(89)90123-3",
url = "http://www.sciencedirect.com/science/article/pii/0736584589901233",
author = "E.M. Sollbach and A.A. Goldenberg"
}
@article{CHETTY20112065,
title = "New modalities for scientific engagement in Africa – the case for computational physics",
journal = "Computer Physics Communications",
volume = "182",
number = "9",
pages = "2065 - 2070",
year = "2011",
note = "Computer Physics Communications Special Edition for Conference on Computational Physics Trondheim, Norway, June 23-26, 2010",
issn = "0010-4655",
doi = "https://doi.org/10.1016/j.cpc.2010.10.001",
url = "http://www.sciencedirect.com/science/article/pii/S0010465510003772",
author = "N. Chetty",
keywords = "Computational physics education research, Electronic Structure Methods and Applications"
}
@article{OMOTESO20128490,
title = "The application of artificial intelligence in auditing: Looking back to the future",
journal = "Expert Systems with Applications",
volume = "39",
number = "9",
pages = "8490 - 8495",
year = "2012",
issn = "0957-4174",
doi = "https://doi.org/10.1016/j.eswa.2012.01.098",
url = "http://www.sciencedirect.com/science/article/pii/S095741741200111X",
author = "Kamil Omoteso",
keywords = "IT-Audit, Artificial intelligence, Expert systems, Neural networks, Decision aids, Auditing"
}
@article{KURIHARA1982265,
title = "Critical issue: Software and standards",
journal = "Computers and Standards",
volume = "1",
number = "4",
pages = "265 - 267",
year = "1982",
issn = "0167-8051",
doi = "https://doi.org/10.1016/0167-8051(82)90045-6",
url = "http://www.sciencedirect.com/science/article/pii/0167805182900456",
author = "Thomas M Kurihara",
keywords = "software, standards, standardization, voluntary standards, compatibility, operating systems, programming languages, software engineering, computers, Commission on Software Issues in the 1980s, software standards"
}
@article{SPIES2010404,
title = "An ontology modelling perspective on business reporting",
journal = "Information Systems",
volume = "35",
number = "4",
pages = "404 - 416",
year = "2010",
note = "Vocabularies, Ontologies and Rules for Enterprise and Business Process Modeling and Management",
issn = "0306-4379",
doi = "https://doi.org/10.1016/j.is.2008.12.003",
url = "http://www.sciencedirect.com/science/article/pii/S0306437908000938",
author = "Marcus Spies",
keywords = "Enterprise information integration and interoperability, Languages for conceptual modelling, Ontological approaches to content and knowledge management, Ontology-based software engineering for enterprise solutions, Domain engineering"
}
@article{ENDERLE2001297,
title = "Miro: Middleware for Autonomous Mobile Robots",
journal = "IFAC Proceedings Volumes",
volume = "34",
number = "9",
pages = "297 - 302",
year = "2001",
note = "IFAC Conference on Telematics Applications in Automation and Robotics, Weingarten, Germany, 24-26 July 2001",
issn = "1474-6670",
doi = "https://doi.org/10.1016/S1474-6670(17)41721-6",
url = "http://www.sciencedirect.com/science/article/pii/S1474667017417216",
author = "Stefan Enderle and Hans Utz and Stefan Sablatnög and Steffen Simon and Gerhard Kraetzschmar and Günther Palm",
keywords = "Autonomous mobile robots, Co-operation, Distributed control, Multilevel control, Object-oriented programming"
}
@article{VIGER2008891,
title = "The GIS Weasel: An interface for the development of geographic information used in environmental simulation modeling",
journal = "Computers & Geosciences",
volume = "34",
number = "8",
pages = "891 - 901",
year = "2008",
issn = "0098-3004",
doi = "https://doi.org/10.1016/j.cageo.2007.07.004",
url = "http://www.sciencedirect.com/science/article/pii/S0098300408000022",
author = "Roland J. Viger",
keywords = "GIS, Environmental simulation modeling, Landscape characterization, Feature delineation, Spatial analysis"
}