@article{MANSFIELDDEVINE20177,
title = "Open source software: determining the real risk posed by vulnerabilities",
journal = "Network Security",
volume = "2017",
number = "1",
pages = "7 - 12",
year = "2017",
issn = "1353-4858",
doi = "https://doi.org/10.1016/S1353-4858(17)30005-3",
url = "http://www.sciencedirect.com/science/article/pii/S1353485817300053",
author = "Steve Mansfield-Devine"
}
@article{BEHFAR2018167,
title = "Knowledge management in OSS communities: Relationship between dense and sparse network structures",
journal = "International Journal of Information Management",
volume = "38",
number = "1",
pages = "167 - 174",
year = "2018",
issn = "0268-4012",
doi = "https://doi.org/10.1016/j.ijinfomgt.2017.09.004",
url = "http://www.sciencedirect.com/science/article/pii/S0268401217306072",
author = "Stefan Kambiz Behfar and Ekaterina Turkina and Thierry Burger-Helmchen",
keywords = "Knowledge transfer, Open source software network, Intergroup diffusion of innovation, Intragroup density, Intergroup coupling"
}
@article{FRANCOBEDOYA2017160,
title = "Open source software ecosystems: A Systematic mapping",
journal = "Information and Software Technology",
volume = "91",
pages = "160 - 185",
year = "2017",
issn = "0950-5849",
doi = "https://doi.org/10.1016/j.infsof.2017.07.007",
url = "http://www.sciencedirect.com/science/article/pii/S0950584917304512",
author = "Oscar Franco-Bedoya and David Ameller and Dolors Costal and Xavier Franch",
keywords = "Software ecosystem, Open source software, Systematic mapping, Literature review, OSS, SECO, OSSECO"
}
@article{PASCHALI2017211,
title = "Reusability of open source software across domains: A case study",
journal = "Journal of Systems and Software",
volume = "134",
pages = "211 - 227",
year = "2017",
issn = "0164-1212",
doi = "https://doi.org/10.1016/j.jss.2017.09.009",
url = "http://www.sciencedirect.com/science/article/pii/S0164121217301991",
author = "Maria-Eleni Paschali and Apostolos Ampatzoglou and Stamatia Bibi and Alexander Chatzigeorgiou and Ioannis Stamelos",
keywords = "Reusability, Open source, Application domains"
}
@article{PENG2013269,
title = "Network ties and the success of open source software development",
journal = "The Journal of Strategic Information Systems",
volume = "22",
number = "4",
pages = "269 - 281",
year = "2013",
issn = "0963-8687",
doi = "https://doi.org/10.1016/j.jsis.2013.05.001",
url = "http://www.sciencedirect.com/science/article/pii/S0963868713000474",
author = "Gang Peng and Yun Wan and Peter Woodlock",
keywords = "Network ties, Knowledge flow, Learning, Open source software (OSS), Project co-membership, Social networks, Project success"
}
@article{GREN2018,
title = "Non-technical individual skills are weakly connected to the maturity of agile practices",
journal = "Information and Software Technology",
year = "2018",
issn = "0950-5849",
doi = "https://doi.org/10.1016/j.infsof.2018.02.006",
url = "http://www.sciencedirect.com/science/article/pii/S0950584918300223",
author = "Lucas Gren and Alessia Knauss and Christoph Johann Stettina",
keywords = "Skills, Agile practices, Code quality, Empirical study"
}
@article{STEGHOFER2017230,
title = "No silver brick: Opportunities and limitations of teaching Scrum with Lego workshops",
journal = "Journal of Systems and Software",
volume = "131",
pages = "230 - 247",
year = "2017",
issn = "0164-1212",
doi = "https://doi.org/10.1016/j.jss.2017.06.019",
url = "http://www.sciencedirect.com/science/article/pii/S0164121217301206",
author = "Jan-Philipp Steghöfer and Håkan Burden and Hiva Alahyari and Dominik Haneberg",
keywords = "Scrum, Agile software engineering, Software engineering education"
}
@article{DEVASCONCELOS20171499,
title = "The application of knowledge management to software evolution",
journal = "International Journal of Information Management",
volume = "37",
number = "1, Part A",
pages = "1499 - 1506",
year = "2017",
issn = "0268-4012",
doi = "https://doi.org/10.1016/j.ijinfomgt.2016.05.005",
url = "http://www.sciencedirect.com/science/article/pii/S0268401216302833",
author = "José Braga de Vasconcelos and Chris Kimble and Paulo Carreteiro and Álvaro Rocha",
keywords = "Software engineering, Knowledge management, Collaborative work, Software maintenance, Software development process"
}
@article{KOO2017402,
title = "Construction and utilization of problem-solving knowledge in open source software environments",
journal = "Journal of Systems and Software",
volume = "131",
pages = "402 - 418",
year = "2017",
issn = "0164-1212",
doi = "https://doi.org/10.1016/j.jss.2016.06.062",
url = "http://www.sciencedirect.com/science/article/pii/S0164121216300899",
author = "Hyung-Min Koo and In-Young Ko",
keywords = "Software reuse, Open source software, Knowledge-based software reuse, Bayesian network"
}
@article{SOUZA2018201,
title = "A systematic mapping study on game-related methods for software engineering education",
journal = "Information and Software Technology",
volume = "95",
pages = "201 - 218",
year = "2018",
issn = "0950-5849",
doi = "https://doi.org/10.1016/j.infsof.2017.09.014",
url = "http://www.sciencedirect.com/science/article/pii/S0950584917303518",
author = "Mauricio R. de A. Souza and Lucas Veado and Renata Teles Moreira and Eduardo Figueiredo and Heitor Costa",
keywords = "Software engineering education, Game-based learning, Gamification, Game development based learning"
}
@article{SMITE201771,
title = "Software teams and their knowledge networks in large-scale software development",
journal = "Information and Software Technology",
volume = "86",
pages = "71 - 86",
year = "2017",
issn = "0950-5849",
doi = "https://doi.org/10.1016/j.infsof.2017.01.003",
url = "http://www.sciencedirect.com/science/article/pii/S0950584917300435",
author = "Darja Šmite and Nils Brede Moe and Aivars Šāblis and Claes Wohlin",
keywords = "Large-scale software development, Knowledge networks, Social capital, Intellectual capital, Teams, Agile, Cross-functional, Feature teams, Empirical, Case study"
}
@article{SOWE20061025,
title = "Identifying knowledge brokers that yield software engineering knowledge in OSS projects",
journal = "Information and Software Technology",
volume = "48",
number = "11",
pages = "1025 - 1033",
year = "2006",
issn = "0950-5849",
doi = "https://doi.org/10.1016/j.infsof.2005.12.019",
url = "http://www.sciencedirect.com/science/article/pii/S0950584906000073",
author = "Sulayman Sowe and Ioannis Stamelos and Lefteris Angelis",
keywords = "Open source software projects, Debian, Mailing lists, Mundane activities, Social networks, Visualization"
}
@article{VANHANEN201850,
title = "Software engineering problems and their relationship to perceived learning and customer satisfaction on a software capstone project",
journal = "Journal of Systems and Software",
volume = "137",
pages = "50 - 66",
year = "2018",
issn = "0164-1212",
doi = "https://doi.org/10.1016/j.jss.2017.11.021",
url = "http://www.sciencedirect.com/science/article/pii/S0164121217302716",
author = "Jari Vanhanen and Timo O.A. Lehtinen and Casper Lassenius",
keywords = "Capstone project, Education, Learning, Customer satisfaction, Problems, Software engineering"
}
@incollection{BIALY201739,
title = "3 - Software Engineering for Model-Based Development by Domain Experts",
editor = "Edward Griffor",
booktitle = "Handbook of System Safety and Security",
publisher = "Syngress",
address = "Boston",
pages = "39 - 64",
year = "2017",
isbn = "978-0-12-803773-7",
doi = "https://doi.org/10.1016/B978-0-12-803773-7.00003-6",
url = "http://www.sciencedirect.com/science/article/pii/B9780128037737000036",
author = "M. Bialy and V. Pantelic and J. Jaskolka and A. Schaap and L. Patcas and M. Lawford and A. Wassyng",
keywords = "Software engineering, domain experts, functional safety, embedded software, model-based development, Simulink, automotive"
}
@article{MORENO20121607,
title = "Balancing software engineering education and industrial needs",
journal = "Journal of Systems and Software",
volume = "85",
number = "7",
pages = "1607 - 1620",
year = "2012",
note = "Software Ecosystems",
issn = "0164-1212",
doi = "https://doi.org/10.1016/j.jss.2012.01.060",
url = "http://www.sciencedirect.com/science/article/pii/S0164121212000398",
author = "Ana M. Moreno and Maria-Isabel Sanchez-Segura and Fuensanta Medina-Dominguez and Laura Carvajal",
keywords = "Software engineering education, Software engineering curricula, Software industry profiles, Software engineer competences, Software engineer skills"
}
@article{XU2009151,
title = "Volunteers’ involvement in online community based software development",
journal = "Information & Management",
volume = "46",
number = "3",
pages = "151 - 158",
year = "2009",
issn = "0378-7206",
doi = "https://doi.org/10.1016/j.im.2008.12.005",
url = "http://www.sciencedirect.com/science/article/pii/S0378720609000044",
author = "Bo Xu and Donald R. Jones and Bingjia Shao",
keywords = "Open source software, Involvement, Motivation, Online community, Software development performance, Volunteers"
}
@article{LI201356,
title = "It is all about what we have: A discriminant analysis of organizations' decision to adopt open source software",
journal = "Decision Support Systems",
volume = "56",
pages = "56 - 62",
year = "2013",
issn = "0167-9236",
doi = "https://doi.org/10.1016/j.dss.2013.05.006",
url = "http://www.sciencedirect.com/science/article/pii/S016792361300122X",
author = "Yan Li and Chuan-Hoo Tan and Xue Yang",
keywords = "Open source software, Technology adoption, Human capital, Discriminant analysis"
}
@article{HERNANDEZGONZALEZ2018579,
title = "Learning to classify software defects from crowds: A novel approach",
journal = "Applied Soft Computing",
volume = "62",
pages = "579 - 591",
year = "2018",
issn = "1568-4946",
doi = "https://doi.org/10.1016/j.asoc.2017.10.047",
url = "http://www.sciencedirect.com/science/article/pii/S1568494617306610",
author = "Jerónimo Hernández-González and Daniel Rodriguez and Iñaki Inza and Rachel Harrison and Jose A. Lozano",
keywords = "Learning from crowds, Orthogonal defect classification, Missing ground truth, Bayesian network classifiers"
}
@article{GARCIA201721,
title = "A framework for gamification in software engineering",
journal = "Journal of Systems and Software",
volume = "132",
pages = "21 - 40",
year = "2017",
issn = "0164-1212",
doi = "https://doi.org/10.1016/j.jss.2017.06.021",
url = "http://www.sciencedirect.com/science/article/pii/S0164121217301218",
author = "Félix García and Oscar Pedreira and Mario Piattini and Ana Cerdeira-Pena and Miguel Penabad",
keywords = "Gamification, Software engineering, Methodology, Ontology"
}
@article{MAHMOOD2017102,
title = "Key factors that influence task allocation in global software development",
journal = "Information and Software Technology",
volume = "91",
pages = "102 - 122",
year = "2017",
issn = "0950-5849",
doi = "https://doi.org/10.1016/j.infsof.2017.06.009",
url = "http://www.sciencedirect.com/science/article/pii/S0950584917304470",
author = "Sajjad Mahmood and Sajid Anwer and Mahmood Niazi and Mohammad Alshayeb and Ita Richardson",
keywords = "Empirical study, Systematic Literature Review, Global Software Development, Task Allocation"
}
@article{CHEN2013553,
title = "Knowledge sharing in open source software project teams: A transactive memory system perspective",
journal = "International Journal of Information Management",
volume = "33",
number = "3",
pages = "553 - 563",
year = "2013",
issn = "0268-4012",
doi = "https://doi.org/10.1016/j.ijinfomgt.2013.01.008",
url = "http://www.sciencedirect.com/science/article/pii/S026840121300011X",
author = "Xiaogang Chen and Xue Li and Jan Guynes Clark and Glenn B. Dietrich",
keywords = "Knowledge sharing, Transactive memory system, Communication quality, Technical achievement"
}
@article{OTERO2012654,
title = "A fuzzy expert system architecture for capability assessments in skill-based environments",
journal = "Expert Systems with Applications",
volume = "39",
number = "1",
pages = "654 - 662",
year = "2012",
issn = "0957-4174",
doi = "https://doi.org/10.1016/j.eswa.2011.07.057",
url = "http://www.sciencedirect.com/science/article/pii/S0957417411010190",
author = "Luis Daniel Otero and Carlos E. Otero",
keywords = "Fuzzy expert system, Software engineering, Resource allocation, Capability assessments"
}
@article{BOSU20144,
title = "Peer impressions in open source organizations: A survey",
journal = "Journal of Systems and Software",
volume = "94",
pages = "4 - 15",
year = "2014",
issn = "0164-1212",
doi = "https://doi.org/10.1016/j.jss.2014.03.061",
url = "http://www.sciencedirect.com/science/article/pii/S0164121214000818",
author = "Amiangshu Bosu and Jeffrey Carver and Rosanna Guadagno and Blake Bassett and Debra McCallum and Lorin Hochstein",
keywords = "Open source software, Impression formation, Virtual teams"
}
@article{LICORISH201810,
title = "Exploring the links between software development task type, team attitudes and task completion performance: Insights from the Jazz repository",
journal = "Information and Software Technology",
volume = "97",
pages = "10 - 25",
year = "2018",
issn = "0950-5849",
doi = "https://doi.org/10.1016/j.infsof.2017.12.005",
url = "http://www.sciencedirect.com/science/article/pii/S095058491730126X",
author = "Sherlock A. Licorish and Stephen G. MacDonell",
keywords = "Task type, Team attitudes, Task completion performance, Software project management, Empirical software engineering, Repository mining, Jazz repository"
}
@incollection{MUNCH2016365,
title = "Continuously experiment to assess values early on",
editor = "Tim Menzies and Laurie Williams and Thomas Zimmermann",
booktitle = "Perspectives on Data Science for Software Engineering",
publisher = "Morgan Kaufmann",
address = "Boston",
pages = "365 - 368",
year = "2016",
isbn = "978-0-12-804206-9",
doi = "https://doi.org/10.1016/B978-0-12-804206-9.00067-2",
url = "http://www.sciencedirect.com/science/article/pii/B9780128042069000672",
author = "J. Münch",
keywords = "Lean Startup, Product Management, Hypothesis-driven development, Customer development, MVP, Agile Methods, Lean Software Development, Experimentation, Innovation, Requirements Engineering, Data-driven Software Development, Value-oriented Software Development, Deep Customer Insight, Design Sprint, Lean Analytics, Business Model Generation, Design Thinking, Startup, Corporate Startup"
}
@article{MORGAN2014226,
title = "Beyond free software: An exploration of the business value of strategic open source",
journal = "The Journal of Strategic Information Systems",
volume = "23",
number = "3",
pages = "226 - 238",
year = "2014",
issn = "0963-8687",
doi = "https://doi.org/10.1016/j.jsis.2014.07.001",
url = "http://www.sciencedirect.com/science/article/pii/S0963868714000286",
author = "Lorraine Morgan and Patrick Finnegan",
keywords = "Open innovation, Open source software, Value creation, Value capture, Value network"
}
@article{ROJAS20132282,
title = "Bridging the gap between information architecture analysis and software engineering in interactive web application development",
journal = "Science of Computer Programming",
volume = "78",
number = "11",
pages = "2282 - 2291",
year = "2013",
note = "Special section on Mathematics of Program Construction (MPC 2010) and Special section on methodological development of interactive systems from Interaccion 2011",
issn = "0167-6423",
doi = "https://doi.org/10.1016/j.scico.2012.07.020",
url = "http://www.sciencedirect.com/science/article/pii/S0167642312001487",
author = "Luis A. Rojas and José A. Macías",
keywords = "Human–computer interaction, Information architecture, End-user development, Software engineering"
}
@article{SINGH2016259,
title = "Design and Validation of an Open-Source, Partial Task Trainer for Endonasal Neuro-Endoscopic Skills Development: Indian Experience",
journal = "World Neurosurgery",
volume = "86",
pages = "259 - 269",
year = "2016",
issn = "1878-8750",
doi = "https://doi.org/10.1016/j.wneu.2015.09.045",
url = "http://www.sciencedirect.com/science/article/pii/S1878875015012085",
author = "Ramandeep Singh and Britty Baby and Natesan Damodaran and Vinkle Srivastav and Ashish Suri and Subhashis Banerjee and Subodh Kumar and Prem Kalra and Sanjiva Prasad and Kolin Paul and Sneh Anand and Sanjeev Kumar and Varun Dhiman and David Ben-Israel and Kulwant Singh Kapoor",
keywords = "Endonasal, Neuro-endoscopy, Open source, Partial task trainer, Physical simulator, Simulation, Skills training, Skull base"
}
@article{HESSE201636,
title = "Documented decision-making strategies and decision knowledge in open source projects: An empirical study on Firefox issue reports",
journal = "Information and Software Technology",
volume = "79",
pages = "36 - 51",
year = "2016",
issn = "0950-5849",
doi = "https://doi.org/10.1016/j.infsof.2016.06.003",
url = "http://www.sciencedirect.com/science/article/pii/S0950584916301148",
author = "Tom-Michael Hesse and Veronika Lerche and Marcus Seiler and Konstantin Knoess and Barbara Paech",
keywords = "Decision-making strategy, Naturalistic decision-making, Rational decision-making, Decision knowledge, Decision documentation, Design decision, Software development decision, Empirical study, Issue tracking system"
}
@article{FERREIRA20161283,
title = "Incorporating user preferences in ant colony optimization for the next release problem",
journal = "Applied Soft Computing",
volume = "49",
pages = "1283 - 1296",
year = "2016",
issn = "1568-4946",
doi = "https://doi.org/10.1016/j.asoc.2016.06.027",
url = "http://www.sciencedirect.com/science/article/pii/S1568494616303076",
author = "Thiago do Nascimento Ferreira and Allysson Allex Araújo and Altino Dantas Basílio Neto and Jerffeson Teixeira de Souza",
keywords = "Ant colony optimization, Interactive optimization, Next release problem, Search based software engineering"
}
@article{MASUDA20161129,
title = "Construction of the Collaboration Skills Knowledge in Software Development",
journal = "Procedia Computer Science",
volume = "96",
pages = "1129 - 1136",
year = "2016",
note = "Knowledge-Based and Intelligent Information & Engineering Systems: Proceedings of the 20th International Conference KES-2016",
issn = "1877-0509",
doi = "https://doi.org/10.1016/j.procs.2016.08.155",
url = "http://www.sciencedirect.com/science/article/pii/S1877050916319652",
author = "Ayako Masuda and Chikako Morimoto and Tohru Matsuodani and Kazuhiko Tsuda",
keywords = "Machine Learning, Construction Knowledge, Discriminant Analysis, Collaboration Skills, Software Development"
}
@incollection{SPINELLIS2016143,
title = "Tools! Tools! We need tools!",
editor = "Tim Menzies and Laurie Williams and Thomas Zimmermann",
booktitle = "Perspectives on Data Science for Software Engineering",
publisher = "Morgan Kaufmann",
address = "Boston",
pages = "143 - 148",
year = "2016",
isbn = "978-0-12-804206-9",
doi = "https://doi.org/10.1016/B978-0-12-804206-9.00028-3",
url = "http://www.sciencedirect.com/science/article/pii/B9780128042069000283",
author = "D. Spinellis",
keywords = "Mining tools, Metrics, Tool-building, , , , GHTorrent, Git"
}
@article{XING20111377,
title = "Open source software and R&D competition in software industries",
journal = "Procedia Engineering",
volume = "15",
pages = "1377 - 1381",
year = "2011",
note = "CEIS 2011",
issn = "1877-7058",
doi = "https://doi.org/10.1016/j.proeng.2011.08.255",
url = "http://www.sciencedirect.com/science/article/pii/S1877705811017565",
author = "Mingqing Xing",
keywords = "R&D, Risk, Open source software, Proprietary software, Cournot model, Duopoly"
}
@article{AHMAD201896,
title = "Kanban in software engineering: A systematic mapping study",
journal = "Journal of Systems and Software",
volume = "137",
pages = "96 - 113",
year = "2018",
issn = "0164-1212",
doi = "https://doi.org/10.1016/j.jss.2017.11.045",
url = "http://www.sciencedirect.com/science/article/pii/S0164121217302820",
author = "Muhammad Ovais Ahmad and Denis Dennehy and Kieran Conboy and Markku Oivo",
keywords = "Kanban, Lean, Software engineering, Software development"
}
@article{MORSCHHEUSER2018219,
title = "How to design gamification? A method for engineering gamified software",
journal = "Information and Software Technology",
volume = "95",
pages = "219 - 237",
year = "2018",
issn = "0950-5849",
doi = "https://doi.org/10.1016/j.infsof.2017.10.015",
url = "http://www.sciencedirect.com/science/article/pii/S095058491730349X",
author = "Benedikt Morschheuser and Lobna Hassan and Karl Werder and Juho Hamari",
keywords = "Gamification, Software engineering, Design science research, Persuasive technology, Gameful design, Playfulness, Game design"
}
@article{CAPRETZ2015373,
title = "Influence of personality types in software tasks choices",
journal = "Computers in Human Behavior",
volume = "52",
pages = "373 - 378",
year = "2015",
issn = "0747-5632",
doi = "https://doi.org/10.1016/j.chb.2015.05.050",
url = "http://www.sciencedirect.com/science/article/pii/S0747563215004318",
author = "Luiz Fernando Capretz and Daniel Varona and Arif Raza",
keywords = "Human factors in software engineering, Software life cycle, Human aspects of software development, Software psychology, Empirical software engineering"
}
@article{KUWATA20151004,
title = "A Study on Growth Model of OSS Projects to estimate the stage of lifecycle",
journal = "Procedia Computer Science",
volume = "60",
pages = "1004 - 1013",
year = "2015",
note = "Knowledge-Based and Intelligent Information & Engineering Systems 19th Annual Conference, KES-2015, Singapore, September 2015 Proceedings",
issn = "1877-0509",
doi = "https://doi.org/10.1016/j.procs.2015.08.142",
url = "http://www.sciencedirect.com/science/article/pii/S1877050915022693",
author = "Yoshitaka Kuwata and Hiroshi Miura",
keywords = "Evaluation of Software, Open Source Software Community, Source Code Repository"
}
@article{VIZCAINO201666,
title = "A validated ontology for global software development",
journal = "Computer Standards & Interfaces",
volume = "46",
pages = "66 - 78",
year = "2016",
issn = "0920-5489",
doi = "https://doi.org/10.1016/j.csi.2016.02.004",
url = "http://www.sciencedirect.com/science/article/pii/S0920548916300046",
author = "Aurora Vizcaíno and Felix García and Mario Piattini and Sarah Beecham",
keywords = "Global software development (GSD), Global software engineering (GSE), Distributed software development (DSD), Ontology, Meta-model"
}
@article{ZIKRIA2018200,
title = "A survey on routing protocols supported by the Contiki Internet of things operating system",
journal = "Future Generation Computer Systems",
volume = "82",
pages = "200 - 219",
year = "2018",
issn = "0167-739X",
doi = "https://doi.org/10.1016/j.future.2017.12.045",
url = "http://www.sciencedirect.com/science/article/pii/S0167739X17324299",
author = "Yousaf Bin Zikria and Muhammad Khalil Afzal and Farruh Ishmanov and Sung Won Kim and Heejung Yu",
keywords = "Contiki OS, ContikiRPL, Routing protocols, Internet of things"
}
@article{MARSAN2013731,
title = "Antecedents of open source software adoption in health care organizations: A qualitative survey of experts in Canada",
journal = "International Journal of Medical Informatics",
volume = "82",
number = "8",
pages = "731 - 741",
year = "2013",
issn = "1386-5056",
doi = "https://doi.org/10.1016/j.ijmedinf.2013.04.001",
url = "http://www.sciencedirect.com/science/article/pii/S138650561300066X",
author = "Josianne Marsan and Guy Paré",
keywords = "Open source software, Medical software adoption, Administrative software adoption, Qualitative survey"
}
@article{BRUNTINK2015135,
title = "Towards base rates in software analytics: Early results and challenges from studying Ohloh",
journal = "Science of Computer Programming",
volume = "97",
pages = "135 - 142",
year = "2015",
note = "Special Issue on New Ideas and Emerging Results in Understanding Software",
issn = "0167-6423",
doi = "https://doi.org/10.1016/j.scico.2013.11.023",
url = "http://www.sciencedirect.com/science/article/pii/S0167642313003079",
author = "Magiel Bruntink",
keywords = "Software engineering, Software analytics, Open source software, Base rates"
}
@incollection{BENER2016187,
title = "If it is software engineering, it is (probably) a Bayesian factor",
editor = "Tim Menzies and Laurie Williams and Thomas Zimmermann",
booktitle = "Perspectives on Data Science for Software Engineering",
publisher = "Morgan Kaufmann",
address = "Boston",
pages = "187 - 191",
year = "2016",
isbn = "978-0-12-804206-9",
doi = "https://doi.org/10.1016/B978-0-12-804206-9.00035-0",
url = "http://www.sciencedirect.com/science/article/pii/B9780128042069000350",
author = "A. Bener and A. Tosun",
keywords = "Artificial intelligence (AI), Bayesian Networks (BN), Hybrid Bayesian Network, Gibbs sampling, Causal relationships"
}
@article{SOLARI201864,
title = "Content and structure of laboratory packages for software engineering experiments",
journal = "Information and Software Technology",
volume = "97",
pages = "64 - 79",
year = "2018",
issn = "0950-5849",
doi = "https://doi.org/10.1016/j.infsof.2017.12.016",
url = "http://www.sciencedirect.com/science/article/pii/S0950584916304220",
author = "Martín Solari and Sira Vegas and Natalia Juristo",
keywords = "Software engineering, Experiment replication, Laboratory package, Knowledge transfer"
}
@article{MOUGIN20183,
title = "Visualizing omics and clinical data: Which challenges for dealing with their variety?",
journal = "Methods",
volume = "132",
pages = "3 - 18",
year = "2018",
note = "Comparison and Visualization Methods for High-Dimensional Biological Data",
issn = "1046-2023",
doi = "https://doi.org/10.1016/j.ymeth.2017.08.012",
url = "http://www.sciencedirect.com/science/article/pii/S1046202317300361",
author = "Fleur Mougin and David Auber and Romain Bourqui and Gayo Diallo and Isabelle Dutour and Vianney Jouhet and Frantz Thiessard and Rodolphe Thiébaut and Patricia Thébault"
}
@incollection{MORE2016197,
title = "Chapter 4.2 - Boosting—Developer (Open Source)",
editor = "Josh More and Anthony J. Stieber and Chris Liu",
booktitle = "Breaking Into Information Security",
publisher = "Syngress",
address = "Boston",
pages = "197 - 199",
year = "2016",
isbn = "978-0-12-800783-9",
doi = "https://doi.org/10.1016/B978-0-12-800783-9.00063-X",
url = "http://www.sciencedirect.com/science/article/pii/B978012800783900063X",
author = "Josh More and Anthony J. Stieber and Chris Liu",
keywords = "information security, careers, developer, open source, coding"
}
@article{BORKENHAGEN201753,
title = "Death of the secret recipe: “Open source cooking” and field organization in the culinary arts",
journal = "Poetics",
volume = "61",
pages = "53 - 66",
year = "2017",
issn = "0304-422X",
doi = "https://doi.org/10.1016/j.poetic.2017.01.003",
url = "http://www.sciencedirect.com/science/article/pii/S0304422X16300717",
author = "Chad Borkenhagen",
keywords = "Cultural fields, Knowledge sharing, Creativity, Culinary arts, Modernist cuisine"
}
@article{ALARIFI2016114,
title = "SECDEP: Software engineering curricula development and evaluation process using SWEBOK",
journal = "Information and Software Technology",
volume = "74",
pages = "114 - 126",
year = "2016",
issn = "0950-5849",
doi = "https://doi.org/10.1016/j.infsof.2016.01.013",
url = "http://www.sciencedirect.com/science/article/pii/S095058491630012X",
author = "Abdulrahman Alarifi and Mohammad Zarour and Noura Alomar and Ziyad Alshaikh and Mansour Alsaleh",
keywords = "Software engineering education, Undergraduate curricula, SWEBOK, SE2004, SE2014, SWECOM"
}
@incollection{CAMPBELL2015139,
title = "Chapter 6 - Latent Dirichlet Allocation: Extracting Topics from Software Engineering Data",
editor = "Christian Bird and Tim Menzies and Thomas Zimmermann",
booktitle = "The Art and Science of Analyzing Software Data",
publisher = "Morgan Kaufmann",
address = "Boston",
pages = "139 - 159",
year = "2015",
isbn = "978-0-12-411519-4",
doi = "https://doi.org/10.1016/B978-0-12-411519-4.00006-9",
url = "http://www.sciencedirect.com/science/article/pii/B9780124115194000069",
author = "Joshua Charles Campbell and Abram Hindle and Eleni Stroulia",
keywords = "Latent Dirichlet allocation, Topic modeling, Software engineering, Tutorial"
}
@article{DINGSOYR2017123,
title = "Coordination in multi-team programmes: An investigation of the group mode in large-scale agile software development",
journal = "Procedia Computer Science",
volume = "121",
pages = "123 - 128",
year = "2017",
note = "CENTERIS 2017 - International Conference on ENTERprise Information Systems / ProjMAN 2017 - International Conference on Project MANagement / HCist 2017 - International Conference on Health and Social Care Information Systems and Technologies, CENTERIS/ProjMAN/HCist 2017",
issn = "1877-0509",
doi = "https://doi.org/10.1016/j.procs.2017.11.017",
url = "http://www.sciencedirect.com/science/article/pii/S1877050917322081",
author = "Torgeir Dingsøyr and Knut Rolland and Nils Brede Moe and Eva Amdahl Seim",
keywords = "coordination, programme management, agile software development, software engineering"
}
@article{SOWE2008431,
title = "Understanding knowledge sharing activities in free/open source software projects: An empirical study",
journal = "Journal of Systems and Software",
volume = "81",
number = "3",
pages = "431 - 446",
year = "2008",
note = "Selected Papers from the 2006 Brazilian Symposia on Databases and on Software Engineering",
issn = "0164-1212",
doi = "https://doi.org/10.1016/j.jss.2007.03.086",
url = "http://www.sciencedirect.com/science/article/pii/S0164121207000842",
author = "Sulayman K. Sowe and Ioannis Stamelos and Lefteris Angelis",
keywords = "Open source software projects, Mailing lists, Knowledge seekers, Knowledge providers, Knowledge sharing, Open source communities, Power-law distribution, Self-organizing communities"
}
@article{KOSTI201852,
title = "Towards an affordable brain computer interface for the assessment of programmers’ mental workload",
journal = "International Journal of Human-Computer Studies",
volume = "115",
pages = "52 - 66",
year = "2018",
issn = "1071-5819",
doi = "https://doi.org/10.1016/j.ijhcs.2018.03.002",
url = "http://www.sciencedirect.com/science/article/pii/S1071581918300934",
author = "Makrina Viola Kosti and Kostas Georgiadis and Dimitrios A. Adamos and Nikos Laskaris and Diomidis Spinellis and Lefteris Angelis",
keywords = "Brainwaves, Wearable EEG, Neural synchrony, Human factor, Software engineering, Neuroergonomics"
}
@article{GIACAMAN2018,
title = "Preparing the software engineer for a modern multi-core world",
journal = "Journal of Parallel and Distributed Computing",
year = "2018",
issn = "0743-7315",
doi = "https://doi.org/10.1016/j.jpdc.2018.02.028",
url = "http://www.sciencedirect.com/science/article/pii/S0743731518301060",
author = "Nasser Giacaman and Oliver Sinnen",
keywords = "Software engineering, Concurrency, Parallel programming, Active learning, Research-infused learning, Problem-based learning, Soft skills, Graphical user interfaces, Object-oriented programming"
}
@article{VELASQUEZ201827,
title = "Kontun: A Framework for recommendation of authentication schemes and methods",
journal = "Information and Software Technology",
volume = "96",
pages = "27 - 37",
year = "2018",
issn = "0950-5849",
doi = "https://doi.org/10.1016/j.infsof.2017.11.004",
url = "http://www.sciencedirect.com/science/article/pii/S0950584917301714",
author = "Ignacio Velásquez and Angélica Caro and Alfonso Rodríguez",
keywords = "Security, Authentication scheme, Multi-factor authentication method, Recommendation Framework"
}
@article{HUANG20171054,
title = "Software defect prevention based on human error theories",
journal = "Chinese Journal of Aeronautics",
volume = "30",
number = "3",
pages = "1054 - 1070",
year = "2017",
issn = "1000-9361",
doi = "https://doi.org/10.1016/j.cja.2017.03.005",
url = "http://www.sciencedirect.com/science/article/pii/S1000936117300778",
author = "Fuqun HUANG and Bin LIU",
keywords = "Human factor, Human error, Programming, Root cause analysis, Software defect prevention, Software design, Software quality, Software psychology"
}
@article{AVERSANO2015924,
title = "Understanding Enterprise Open Source Software Evolution",
journal = "Procedia Computer Science",
volume = "64",
pages = "924 - 931",
year = "2015",
note = "Conference on ENTERprise Information Systems/International Conference on Project MANagement/Conference on Health and Social Care Information Systems and Technologies, CENTERIS/ProjMAN / HCist 2015 October 7-9, 2015",
issn = "1877-0509",
doi = "https://doi.org/10.1016/j.procs.2015.08.609",
url = "http://www.sciencedirect.com/science/article/pii/S1877050915027441",
author = "Lerina Aversano and Marco Di Brino and Daniela Guardabascio and Marcello Salerno and Maria Tortorella",
keywords = "Software evolution, Empirical study, Open Source Software, Enterprise Resource Planning."
}
@article{COLOMBO2014891,
title = "Open innovation and within-industry diversification in small and medium enterprises: The case of open source software firms",
journal = "Research Policy",
volume = "43",
number = "5",
pages = "891 - 902",
year = "2014",
note = "Open Innovation: New Insights and Evidence",
issn = "0048-7333",
doi = "https://doi.org/10.1016/j.respol.2013.08.015",
url = "http://www.sciencedirect.com/science/article/pii/S0048733313001601",
author = "Massimo G. Colombo and Evila Piva and Cristina Rossi-Lamastra",
keywords = "Open innovation, Within-industry diversification, Small and medium enterprises, Open Source community"
}
@article{WIELAND201726,
title = "Combining expert knowledge with machine learning on the basis of fuzzy training",
journal = "Ecological Informatics",
volume = "38",
pages = "26 - 30",
year = "2017",
issn = "1574-9541",
doi = "https://doi.org/10.1016/j.ecoinf.2017.01.001",
url = "http://www.sciencedirect.com/science/article/pii/S1574954116301388",
author = "Ralf Wieland and Wilfried Mirschel",
keywords = "Fuzzy modeling, Expert knowledge, Machine learning, Nonlinear regularization, Optimization, Yield modeling"
}
@incollection{SATZGER2014159,
title = "Chapter 8 - Toward Collaborative Software Engineering Leveraging the Crowd",
editor = "Ivan Mistrik and Rami Bahsoon and Rick Kazman and Yuanyuan Zhang",
booktitle = "Economics-Driven Software Architecture",
publisher = "Morgan Kaufmann",
address = "Boston",
pages = "159 - 182",
year = "2014",
isbn = "978-0-12-410464-8",
doi = "https://doi.org/10.1016/B978-0-12-410464-8.00008-8",
url = "http://www.sciencedirect.com/science/article/pii/B9780124104648000088",
author = "Benjamin Satzger and Rostyslav Zabolotnyi and Schahram Dustdar and Stefan Wild and Martin Gaedke and Steffen Göbel and Tobias Nestler",
keywords = "Software Engineering, Crowdsourcing, Business Process, Project Management, Software Testing, Task, Notivation, Agile, Sscrum, Open source."
}
@article{GIURI2008305,
title = "Explaining leadership in virtual teams: The case of open source software",
journal = "Information Economics and Policy",
volume = "20",
number = "4",
pages = "305 - 315",
year = "2008",
note = "Empirical Issues in Open Source Software",
issn = "0167-6245",
doi = "https://doi.org/10.1016/j.infoecopol.2008.06.002",
url = "http://www.sciencedirect.com/science/article/pii/S0167624508000322",
author = "Paola Giuri and Francesco Rullani and Salvatore Torrisi",
keywords = "Open source software, Technological innovation, Human capital"
}
@article{MAO201757,
title = "A survey of the use of crowdsourcing in software engineering",
journal = "Journal of Systems and Software",
volume = "126",
pages = "57 - 84",
year = "2017",
issn = "0164-1212",
doi = "https://doi.org/10.1016/j.jss.2016.09.015",
url = "http://www.sciencedirect.com/science/article/pii/S0164121216301832",
author = "Ke Mao and Licia Capra and Mark Harman and Yue Jia",
keywords = "Crowdsourced software engineering, Software crowdsourcing, Crowdsourcing, Literature survey"
}
@article{DANIEL2016159,
title = "Open source project success: Resource access, flow, and integration",
journal = "The Journal of Strategic Information Systems",
volume = "25",
number = "3",
pages = "159 - 176",
year = "2016",
issn = "0963-8687",
doi = "https://doi.org/10.1016/j.jsis.2016.02.006",
url = "http://www.sciencedirect.com/science/article/pii/S0963868716000093",
author = "Sherae Daniel and Katherine Stewart",
keywords = "Project co-membership, Project success, Open source software, Resources, Knowledge"
}
@article{GUILLAUME20128744,
title = "Fuzzy inference systems: An integrated modeling environment for collaboration between expert knowledge and data using FisPro",
journal = "Expert Systems with Applications",
volume = "39",
number = "10",
pages = "8744 - 8755",
year = "2012",
issn = "0957-4174",
doi = "https://doi.org/10.1016/j.eswa.2012.01.206",
url = "http://www.sciencedirect.com/science/article/pii/S0957417412002345",
author = "Serge Guillaume and Brigitte Charnomordic",
keywords = "Cooperation, Rule learning, Fuzzy logic, Knowledge formalization, Real word applications, Open source software"
}
@article{THAKUR2012244,
title = "A limited revolution — The distributional consequences of Open Source Software in North America",
journal = "Technological Forecasting and Social Change",
volume = "79",
number = "2",
pages = "244 - 251",
year = "2012",
note = "Contains Special Section: Emerging Technologies and Inequalities",
issn = "0040-1625",
doi = "https://doi.org/10.1016/j.techfore.2011.10.003",
url = "http://www.sciencedirect.com/science/article/pii/S0040162511002174",
author = "Dhanaraj Thakur",
keywords = "Open source software, Distributional consequences, United States, Canada, Intellectual property"
}
@article{OLIVA2016267,
title = "Prototype system for feature extraction, classification and study of medical images",
journal = "Expert Systems with Applications",
volume = "63",
pages = "267 - 283",
year = "2016",
issn = "0957-4174",
doi = "https://doi.org/10.1016/j.eswa.2016.07.008",
url = "http://www.sciencedirect.com/science/article/pii/S0957417416303530",
author = "Jefferson Tales Oliva and Huei Diana Lee and Newton Spolaôr and Claudio Saddy Rodrigues Coy and Feng Chung Wu",
keywords = "Image analysis, Texture, Machine learning, Prototyping, Artificial intelligence, Medical information systems"
}
@article{VONDAVIER2017631,
title = "Interdisciplinary research agenda in support of assessment of collaborative problem solving: lessons learned from developing a Collaborative Science Assessment Prototype",
journal = "Computers in Human Behavior",
volume = "76",
pages = "631 - 640",
year = "2017",
issn = "0747-5632",
doi = "https://doi.org/10.1016/j.chb.2017.04.059",
url = "http://www.sciencedirect.com/science/article/pii/S0747563217303023",
author = "Alina A. von Davier and Jiangang Hao and Lei Liu and Patrick Kyllonen",
keywords = "Collaborative problem solving, Computer-based assessment, Simulation-based task"
}
@article{BAYTIYEH20101345,
title = "Open source software: A community of altruists",
journal = "Computers in Human Behavior",
volume = "26",
number = "6",
pages = "1345 - 1354",
year = "2010",
note = "Online Interactivity: Role of Technology in Behavior Change",
issn = "0747-5632",
doi = "https://doi.org/10.1016/j.chb.2010.04.008",
url = "http://www.sciencedirect.com/science/article/pii/S0747563210000828",
author = "Hoda Baytiyeh and Jay Pfaffman",
keywords = "Open source software, Motivations, Collaboration, Altruism, Factor analysis"
}
@article{MISNEVS201511,
title = "Software Engineering Competence Evaluation Portal",
journal = "Procedia Computer Science",
volume = "43",
pages = "11 - 17",
year = "2015",
note = "ICTE in Regional Development, December 2014, Valmiera, Latvia",
issn = "1877-0509",
doi = "https://doi.org/10.1016/j.procs.2014.12.003",
url = "http://www.sciencedirect.com/science/article/pii/S1877050914015713",
author = "Boriss Misnevs",
keywords = "Competance evaluation, Web portal, Knowledge mapping, Testing, SWEBOK"
}
@article{DENONI2013247,
title = "The evolution of OSS governance: a dimensional comparative analysis",
journal = "Scandinavian Journal of Management",
volume = "29",
number = "3",
pages = "247 - 263",
year = "2013",
issn = "0956-5221",
doi = "https://doi.org/10.1016/j.scaman.2012.10.003",
url = "http://www.sciencedirect.com/science/article/pii/S0956522112001327",
author = "Ivan De Noni and Andrea Ganzaroli and Luigi Orsi",
keywords = "OSS governance, Knowledge management, Open-source, Configurational governance"
}
@article{GAROUSI201649,
title = "Cross-factor analysis of software engineering practices versus practitioner demographics: An exploratory study in Turkey",
journal = "Journal of Systems and Software",
volume = "111",
pages = "49 - 73",
year = "2016",
issn = "0164-1212",
doi = "https://doi.org/10.1016/j.jss.2015.09.013",
url = "http://www.sciencedirect.com/science/article/pii/S0164121215002071",
author = "Vahid Garousi and Ahmet Coşkunçay and Onur Demirörs and Ali Yazici",
keywords = "Cross-factor analysis, Software engineering practices, Practitioner demographics"
}
@article{LANDGRAF201692,
title = "Open-source LIMS in Vietnam: The path toward sustainability and host country ownership",
journal = "International Journal of Medical Informatics",
volume = "93",
pages = "92 - 102",
year = "2016",
issn = "1386-5056",
doi = "https://doi.org/10.1016/j.ijmedinf.2016.06.010",
url = "http://www.sciencedirect.com/science/article/pii/S1386505616301393",
author = "Kenneth M. Landgraf and Reshma Kakkar and Michelle Meigs and Paul T. Jankauskas and Thi Thu Huong Phan and Viet Nga Nguyen and Duy Thai Nguyen and Thanh Tung Duong and Thi Hoa Nguyen and Kyle B. Bond",
keywords = "Laboratory, Information systems, Open source, OSS, FLOSS, Sustainability, Health, Resource-constrained, Medical informatics, Development, LIMS, LIS, PEPFAR"
}
@article{COLOMBO2013236,
title = "Authorising Employees to Collaborate with Communities During Working Hours: When is it Valuable for Firms?",
journal = "Long Range Planning",
volume = "46",
number = "3",
pages = "236 - 257",
year = "2013",
issn = "0024-6301",
doi = "https://doi.org/10.1016/j.lrp.2012.05.004",
url = "http://www.sciencedirect.com/science/article/pii/S0024630112000325",
author = "Massimo G. Colombo and Evila Piva and Cristina Rossi-Lamastra"
}
@article{SERNAM2017155,
title = "Knowledge meaning and management in requirements engineering",
journal = "International Journal of Information Management",
volume = "37",
number = "3",
pages = "155 - 161",
year = "2017",
issn = "0268-4012",
doi = "https://doi.org/10.1016/j.ijinfomgt.2017.01.005",
url = "http://www.sciencedirect.com/science/article/pii/S0268401216306582",
author = "Edgar Serna M. and Oscar Bachiller S. and Alexei Serna A.",
keywords = "Knowledge management, Knowledge meaning, Software engineering, Requirements elicitation"
}
@article{GIACOMELLI2018121,
title = "Assessing bureaucratic start-up costs through Mystery Calls. Evidence from the One-stop shops for doing business",
journal = "European Journal of Political Economy",
volume = "51",
pages = "121 - 140",
year = "2018",
issn = "0176-2680",
doi = "https://doi.org/10.1016/j.ejpoleco.2017.02.005",
url = "http://www.sciencedirect.com/science/article/pii/S0176268016301367",
author = "Silvia Giacomelli and Marco Tonello",
keywords = "Bureaucratic costs, Doing business, Mystery calls"
}
@article{ALMARZOUQ201527,
title = "Taxing the development structure of open source communities: An information processing view",
journal = "Decision Support Systems",
volume = "80",
pages = "27 - 41",
year = "2015",
issn = "0167-9236",
doi = "https://doi.org/10.1016/j.dss.2015.09.004",
url = "http://www.sciencedirect.com/science/article/pii/S0167923615001815",
author = "Mohammad AlMarzouq and Varun Grover and Jason Bennett Thatcher",
keywords = "Free/Libre and Open Source Software, FLOSS, Organizational Information Processing Theory, Software development, Modularity, Brooks' law"
}
@article{MIDHA201223,
title = "Governance practices and software maintenance: A study of open source projects",
journal = "Decision Support Systems",
volume = "54",
number = "1",
pages = "23 - 32",
year = "2012",
issn = "0167-9236",
doi = "https://doi.org/10.1016/j.dss.2012.03.002",
url = "http://www.sciencedirect.com/science/article/pii/S0167923612000887",
author = "Vishal Midha and Anol Bhattacherjee",
keywords = "Software maintenance, Governance, Participation management, Responsibility management, Open source software"
}
@article{TEIGLAND201425,
title = "Balancing on a tightrope: Managing the boundaries of a firm-sponsored OSS community and its impact on innovation and absorptive capacity",
journal = "Information and Organization",
volume = "24",
number = "1",
pages = "25 - 47",
year = "2014",
issn = "1471-7727",
doi = "https://doi.org/10.1016/j.infoandorg.2014.01.001",
url = "http://www.sciencedirect.com/science/article/pii/S1471772714000025",
author = "Robin Teigland and Paul M. Di Gangi and Björn-Tore Flåten and Elia Giovacchini and Nicolas Pastorino",
keywords = "Private-collective communities, Innovation, Community management, Software, Open source, Absorptive capacity, Boundary management"
}
@article{MENSAH201837,
title = "On the value of a prioritization scheme for resolving Self-admitted technical debt",
journal = "Journal of Systems and Software",
volume = "135",
pages = "37 - 54",
year = "2018",
issn = "0164-1212",
doi = "https://doi.org/10.1016/j.jss.2017.09.026",
url = "http://www.sciencedirect.com/science/article/pii/S0164121217302133",
author = "Solomon Mensah and Jacky Keung and Jeffery Svajlenko and Kwabena Ebo Bennin and Qing Mi",
keywords = "Self-admitted technical debt, Prioritization scheme, Textual indicators, Source code comment, Open source projects"
}
@article{KELLY201550,
title = "Scientific software development viewed as knowledge acquisition: Towards understanding the development of risk-averse scientific software",
journal = "Journal of Systems and Software",
volume = "109",
pages = "50 - 61",
year = "2015",
issn = "0164-1212",
doi = "https://doi.org/10.1016/j.jss.2015.07.027",
url = "http://www.sciencedirect.com/science/article/pii/S0164121215001533",
author = "Diane Kelly",
keywords = "Scientific software, Software development, Knowledge model"
}
@article{LAZZARINILEMOS2018497,
title = "The impact of Software Testing education on code reliability: An empirical assessment",
journal = "Journal of Systems and Software",
volume = "137",
pages = "497 - 511",
year = "2018",
issn = "0164-1212",
doi = "https://doi.org/10.1016/j.jss.2017.02.042",
url = "http://www.sciencedirect.com/science/article/pii/S0164121217300419",
author = "Otávio Augusto Lazzarini Lemos and Fábio Fagundes Silveira and Fabiano Cutigi Ferrari and Alessandro Garcia",
keywords = "Software Testing, Computer science education, Student experiments"
}
@article{AYDAN2017129,
title = "Teaching ISO/IEC 12207 software lifecycle processes: A serious game approach",
journal = "Computer Standards & Interfaces",
volume = "54",
pages = "129 - 138",
year = "2017",
note = "Standards in Software Process Improvement and Capability Determination",
issn = "0920-5489",
doi = "https://doi.org/10.1016/j.csi.2016.11.014",
url = "http://www.sciencedirect.com/science/article/pii/S0920548916301969",
author = "Ufuk Aydan and Murat Yilmaz and Paul M. Clarke and Rory V. O’Connor",
keywords = "ISO/IEC 12207, Serious games, Teaching standards"
}
@article{GHAPANCHI2013129,
title = "Rallying competencies in virtual communities: A study of core processes and user interest in open source software projects",
journal = "Information and Organization",
volume = "23",
number = "2",
pages = "129 - 148",
year = "2013",
issn = "1471-7727",
doi = "https://doi.org/10.1016/j.infoandorg.2013.03.001",
url = "http://www.sciencedirect.com/science/article/pii/S1471772713000146",
author = "Amir Hossein Ghapanchi"
}
@article{TORAL2010296,
title = "Analysis of virtual communities supporting OSS projects using social network analysis",
journal = "Information and Software Technology",
volume = "52",
number = "3",
pages = "296 - 303",
year = "2010",
issn = "0950-5849",
doi = "https://doi.org/10.1016/j.infsof.2009.10.007",
url = "http://www.sciencedirect.com/science/article/pii/S0950584909001888",
author = "S.L. Toral and M.R. Martínez-Torres and F. Barrero",
keywords = "Virtual communities, Knowledge brokers, Social network analysis, Open Source Software"
}
@article{SHESHASAAYEE2015505,
title = "A Theoretical Framework for the Maintainability Model of Aspect Oriented Systems",
journal = "Procedia Computer Science",
volume = "62",
pages = "505 - 512",
year = "2015",
note = "Proceedings of the 2015 International Conference on Soft Computing and Software Engineering (SCSE'15)",
issn = "1877-0509",
doi = "https://doi.org/10.1016/j.procs.2015.08.523",
url = "http://www.sciencedirect.com/science/article/pii/S1877050915026587",
author = "(Mrs). Ananthi Sheshasaayee and Mrs. Roby Jose",
keywords = "Aspect Oriented Maintenance Metrics, Aspect Oriented Programming, Maintainability Model, Metrics Validation, Quality Model, Software Maintenance"
}
@article{SALLEH2017,
title = "Recruitment, engagement and feedback in empirical software engineering studies in industrial contexts",
journal = "Information and Software Technology",
year = "2017",
issn = "0950-5849",
doi = "https://doi.org/10.1016/j.infsof.2017.12.001",
url = "http://www.sciencedirect.com/science/article/pii/S0950584917303786",
author = "Norsaremah Salleh and Rashina Hoda and Moon Ting Su and Tanjila Kanij and John Grundy",
keywords = "Empirical software engineering, Industry, Research, Grounded theory, Survey, Case study, Quasi-experiment, Challenges, Solutions, Recommendations"
}
@article{RANA2016229,
title = "Analyzing defect inflow distribution and applying Bayesian inference method for software defect prediction in large software projects",
journal = "Journal of Systems and Software",
volume = "117",
pages = "229 - 244",
year = "2016",
issn = "0164-1212",
doi = "https://doi.org/10.1016/j.jss.2016.02.015",
url = "http://www.sciencedirect.com/science/article/pii/S0164121216000480",
author = "Rakesh Rana and Miroslaw Staron and Christian Berger and Jörgen Hansson and Martin Nilsson and Wilhelm Meding",
keywords = "Software, SRGM, Defect Inflow"
}
@article{TELESDOSSANTOS201869,
title = "Programming skills in the industry 4.0: are chemical engineering students able to face new problems?",
journal = "Education for Chemical Engineers",
volume = "22",
pages = "69 - 76",
year = "2018",
issn = "1749-7728",
doi = "https://doi.org/10.1016/j.ece.2018.01.002",
url = "http://www.sciencedirect.com/science/article/pii/S1749772817300349",
author = "Moisés Teles dos Santos and Ardson S. Vianna Jr. and Galo A.C. Le Roux",
keywords = "Programming, FORTRAN, Object-oriented, C#, .NET, UML"
}
@article{CHEN2018281,
title = "Beyond evolutionary algorithms for search-based software engineering",
journal = "Information and Software Technology",
volume = "95",
pages = "281 - 294",
year = "2018",
issn = "0950-5849",
doi = "https://doi.org/10.1016/j.infsof.2017.08.007",
url = "http://www.sciencedirect.com/science/article/pii/S0950584917300757",
author = "Jianfeng Chen and Vivek Nair and Tim Menzies"
}
@article{HAGHIGHATKHAH201725,
title = "Automotive software engineering: A systematic mapping study",
journal = "Journal of Systems and Software",
volume = "128",
pages = "25 - 55",
year = "2017",
issn = "0164-1212",
doi = "https://doi.org/10.1016/j.jss.2017.03.005",
url = "http://www.sciencedirect.com/science/article/pii/S0164121217300560",
author = "Alireza Haghighatkhah and Ahmad Banijamali and Olli-Pekka Pakanen and Markku Oivo and Pasi Kuvaja",
keywords = "Literature survey, Systematic mapping study, Automotive software engineering, Automotive systems, Embedded systems, Software-intensive systems"
}
@article{HOLVITIE2018141,
title = "Technical debt and agile software development practices and processes: An industry practitioner survey",
journal = "Information and Software Technology",
volume = "96",
pages = "141 - 160",
year = "2018",
issn = "0950-5849",
doi = "https://doi.org/10.1016/j.infsof.2017.11.015",
url = "http://www.sciencedirect.com/science/article/pii/S0950584917305098",
author = "Johannes Holvitie and Sherlock A. Licorish and Rodrigo O. Spínola and Sami Hyrynsalmi and Stephen G. MacDonell and Thiago S. Mendes and Jim Buchan and Ville Leppänen",
keywords = "Technical debt, Technical debt management, Agile software development, Practitioner survey"
}
@article{KAKAR20181,
title = "Engendering cohesive software development teams: Should we focus on interdependence or autonomy?",
journal = "International Journal of Human-Computer Studies",
volume = "111",
pages = "1 - 11",
year = "2018",
issn = "1071-5819",
doi = "https://doi.org/10.1016/j.ijhcs.2017.11.001",
url = "http://www.sciencedirect.com/science/article/pii/S1071581917301519",
author = "Adarsh Kumar Satindarlal Kakar",
keywords = "Team cohesiveness, Autonomy, Task interdependence, Outcome interdependence"
}
@article{MOSE2017,
title = "Application of open source tools for biodiversity conservation and natural resource management in East Africa",
journal = "Ecological Informatics",
year = "2017",
issn = "1574-9541",
doi = "https://doi.org/10.1016/j.ecoinf.2017.09.006",
url = "http://www.sciencedirect.com/science/article/pii/S1574954117300419",
author = "Victor N. Mose and David Western and Peter Tyrrell",
keywords = "Open source tools, Biodiversity conservation, Natural resource management, Decision support, Community participation"
}
@article{ZHOU2018601,
title = "Dynamic robustness of knowledge collaboration network of open source product development community",
journal = "Physica A: Statistical Mechanics and its Applications",
volume = "490",
pages = "601 - 612",
year = "2018",
issn = "0378-4371",
doi = "https://doi.org/10.1016/j.physa.2017.08.092",
url = "http://www.sciencedirect.com/science/article/pii/S0378437117308117",
author = "Hong-Li Zhou and Xiao-Dong Zhang",
keywords = "Knowledge collaboration network, Robustness, Open source product community, Complex network"
}
@incollection{NADKARNI201625,
title = "Chapter 2 - Supporting Clinical Research Computing: Technological and Nontechnological Considerations",
editor = "Prakash Nadkarni",
booktitle = "Clinical Research Computing",
publisher = "Academic Press",
pages = "25 - 47",
year = "2016",
isbn = "978-0-12-803130-8",
doi = "https://doi.org/10.1016/B978-0-12-803130-8.00002-6",
url = "http://www.sciencedirect.com/science/article/pii/B9780128031308000026",
author = "Prakash Nadkarni",
keywords = "software development processes, agile technology, software project management, psychology of developers, interpersonal aspects of software development"
}
@article{WIELAND2017108,
title = "Automated feature selection for a machine learning approach toward modeling a mosquito distribution",
journal = "Ecological Modelling",
volume = "352",
pages = "108 - 112",
year = "2017",
issn = "0304-3800",
doi = "https://doi.org/10.1016/j.ecolmodel.2017.02.029",
url = "http://www.sciencedirect.com/science/article/pii/S0304380016307906",
author = "Ralf Wieland and Antje Kerkow and Linus Früh and Helge Kampen and Doreen Walther",
keywords = "Data science, Machine learning, Genetic optimization, Cluster computing, Mosquito dispersion modeling"
}
@article{DASCALU2015102,
title = "Group Maker Tool for Software Engineering Projects",
journal = "Procedia - Social and Behavioral Sciences",
volume = "203",
pages = "102 - 108",
year = "2015",
note = "International Conference EPC-TKS 2015",
issn = "1877-0428",
doi = "https://doi.org/10.1016/j.sbspro.2015.08.266",
url = "http://www.sciencedirect.com/science/article/pii/S1877042815049149",
author = "Maria-Iuliana Dascalu and Ana-Maria Dumitrache and Melania Coman and Alin Moldoveanu",
keywords = "ICT- based solutions for education, groupware, collaborative learning"
}
@article{MULLERSEITZ2010627,
title = "Networking beyond the software code? an explorative examination of the development of an open source car project",
journal = "Technovation",
volume = "30",
number = "11",
pages = "627 - 634",
year = "2010",
issn = "0166-4972",
doi = "https://doi.org/10.1016/j.technovation.2010.07.006",
url = "http://www.sciencedirect.com/science/article/pii/S016649721000088X",
author = "Gordon Müller-Seitz and Guido Reger",
keywords = "Open innovation, Open source software, Project networks, Modularity, Motivation, Automotive industry"
}
@article{MARTIN2016177,
title = "A cloud-based platform to develop context-aware mobile applications by domain experts",
journal = "Computer Standards & Interfaces",
volume = "44",
pages = "177 - 184",
year = "2016",
issn = "0920-5489",
doi = "https://doi.org/10.1016/j.csi.2015.08.009",
url = "http://www.sciencedirect.com/science/article/pii/S092054891500094X",
author = "David Martín and Carlos Lamsfus and Aurkene Alzua-Sorzabal",
keywords = "End-user development, Domain expert, Context-awareness, Mobile, Middleware"
}
@article{ZAHEDI2016995,
title = "A systematic review of knowledge sharing challenges and practices in global software development",
journal = "International Journal of Information Management",
volume = "36",
number = "6, Part A",
pages = "995 - 1019",
year = "2016",
issn = "0268-4012",
doi = "https://doi.org/10.1016/j.ijinfomgt.2016.06.007",
url = "http://www.sciencedirect.com/science/article/pii/S026840121630384X",
author = "Mansooreh Zahedi and Mojtaba Shahin and Muhammad Ali Babar",
keywords = "Knowledge sharing, Knowledge management (KM), Global software development (GSD), Systematic literature review (SLR), Empirical software engineering"
}
@article{WIDYANI20131018,
title = "Experience in Software Development Project Course",
journal = "Procedia Technology",
volume = "11",
pages = "1018 - 1026",
year = "2013",
note = "4th International Conference on Electrical Engineering and Informatics, ICEEI 2013",
issn = "2212-0173",
doi = "https://doi.org/10.1016/j.protcy.2013.12.289",
url = "http://www.sciencedirect.com/science/article/pii/S221201731300443X",
author = "Yani Widyani",
keywords = "course, software developmet, project, unified process"
}
@article{STEINMACHER201567,
title = "A systematic literature review on the barriers faced by newcomers to open source software projects",
journal = "Information and Software Technology",
volume = "59",
pages = "67 - 85",
year = "2015",
issn = "0950-5849",
doi = "https://doi.org/10.1016/j.infsof.2014.11.001",
url = "http://www.sciencedirect.com/science/article/pii/S0950584914002390",
author = "Igor Steinmacher and Marco Aurelio Graciotto Silva and Marco Aurelio Gerosa and David F. Redmiles",
keywords = "Open source software, Newcomers, Joining, Barriers to entry, Onboarding, Systematic literature review"
}