@article{DENNEHY2017160,
title = "Going with the flow: An activity theory analysis of flow techniques in software development",
journal = "Journal of Systems and Software",
volume = "133",
pages = "160 - 173",
year = "2017",
issn = "0164-1212",
doi = "https://doi.org/10.1016/j.jss.2016.10.003",
url = "http://www.sciencedirect.com/science/article/pii/S0164121216302011",
author = "Denis Dennehy and Kieran Conboy",
keywords = "Activity theory, Lean, Flow, Kanban, Continuous software development"
}
@article{TACLA20111160,
title = "Supporting small teams in cooperatively building application domain models",
journal = "Expert Systems with Applications",
volume = "38",
number = "2",
pages = "1160 - 1170",
year = "2011",
note = "Intelligent Collaboration and Design",
issn = "0957-4174",
doi = "https://doi.org/10.1016/j.eswa.2010.05.009",
url = "http://www.sciencedirect.com/science/article/pii/S0957417410004203",
author = "Cesar Augusto Tacla and Ademir Roberto Freddo and Emerson Cabrera Paraiso and Milton Pires Ramos and Gilson Yukio Sato",
keywords = "Knowledge engineering, Collaborative systems, Multiagent system, Folksonomy, Ontology"
}
@article{OLAITAN2014253,
title = "Implementing ManPy, a Semantic-free Open-source Discrete Event Simulation Package, in a Job Shop",
journal = "Procedia CIRP",
volume = "25",
pages = "253 - 260",
year = "2014",
note = "8th International Conference on Digital Enterprise Technology - DET 2014 Disruptive Innovation in Manufacturing Engineering towards the 4th Industrial Revolution",
issn = "2212-8271",
doi = "https://doi.org/10.1016/j.procir.2014.10.036",
url = "http://www.sciencedirect.com/science/article/pii/S2212827114010671",
author = "Oladipupo Olaitan and John Geraghty and Paul Young and Georgios Dagkakis and Cathal Heavey and Martin Bayer and Jerome Perrin and Sebastien Robin",
keywords = "Simulation and optimization, open source software, job shop scheduling"
}
@article{FLORES2016436,
title = "Software Engineering Management Education through Game Design Patterns",
journal = "Procedia - Social and Behavioral Sciences",
volume = "228",
pages = "436 - 442",
year = "2016",
note = "2nd International Conference on Higher Education Advances,HEAd'16, 21-23 June 2016, València, Spain",
issn = "1877-0428",
doi = "https://doi.org/10.1016/j.sbspro.2016.07.067",
url = "http://www.sciencedirect.com/science/article/pii/S1877042816309934",
author = "Nuno H. Flores and Ana C.R. Paiva and Pedro Letra",
keywords = "Software Engineering Education, Software Engineering Project Management, Game Design Techniques, SimSE."
}
@article{CHERRY2008495,
title = "The social side of software engineering—A real ad hoc collaboration network",
journal = "International Journal of Human-Computer Studies",
volume = "66",
number = "7",
pages = "495 - 505",
year = "2008",
note = "Collaborative and social aspects of software development",
issn = "1071-5819",
doi = "https://doi.org/10.1016/j.ijhcs.2008.01.002",
url = "http://www.sciencedirect.com/science/article/pii/S1071581908000141",
author = "Sébastien Cherry and Pierre N. Robillard",
keywords = " collaboration, Face-to-face exchange, Exchanges patterns, Software development, Cognitive activities, Case study, Sharing of knowledge"
}
@article{ANTINYAN201763,
title = "Rendex: A method for automated reviews of textual requirements",
journal = "Journal of Systems and Software",
volume = "131",
pages = "63 - 77",
year = "2017",
issn = "0164-1212",
doi = "https://doi.org/10.1016/j.jss.2017.05.079",
url = "http://www.sciencedirect.com/science/article/pii/S0164121217301000",
author = "Vard Antinyan and Miroslaw Staron",
keywords = "Metric, Measure, Complexity, Requirements review, Requirements quality, Quality prediction"
}
@article{BARCELLINI2008558,
title = "User and developer mediation in an Open Source Software community: Boundary spanning through cross participation in online discussions",
journal = "International Journal of Human-Computer Studies",
volume = "66",
number = "7",
pages = "558 - 570",
year = "2008",
note = "Collaborative and social aspects of software development",
issn = "1071-5819",
doi = "https://doi.org/10.1016/j.ijhcs.2007.10.008",
url = "http://www.sciencedirect.com/science/article/pii/S1071581907001437",
author = "Flore Barcellini and Françoise Détienne and Jean-Marie Burkhardt",
keywords = "Open Source Software Community, Cross-participants, Boundary spanners, Distributed design, Role emerging design"
}
@incollection{MINKU2016199,
title = "The wisdom of the crowds in predictive modeling for software engineering",
editor = "Tim Menzies and Laurie Williams and Thomas Zimmermann",
booktitle = "Perspectives on Data Science for Software Engineering",
publisher = "Morgan Kaufmann",
address = "Boston",
pages = "199 - 204",
year = "2016",
isbn = "978-0-12-804206-9",
doi = "https://doi.org/10.1016/B978-0-12-804206-9.00037-4",
url = "http://www.sciencedirect.com/science/article/pii/B9780128042069000374",
author = "L.L. Minku",
keywords = "Machine learning, Predictive models, Ensembles, Bagging, Concept drift, Transfer learning, Multi-objective learning, Software effort estimation, Software bug prediction"
}
@article{LIZCANO201747,
title = "Automatic verification and validation wizard in web-centred end-user software engineering",
journal = "Journal of Systems and Software",
volume = "125",
pages = "47 - 67",
year = "2017",
issn = "0164-1212",
doi = "https://doi.org/10.1016/j.jss.2016.11.025",
url = "http://www.sciencedirect.com/science/article/pii/S0164121216302278",
author = "David Lizcano and Javier Soriano and Genoveva López and Javier J. Gutiérrez",
keywords = "End-user software engineering, Web engineering, Reliability, End-user programming, visual programming, human-computer interaction"
}
@article{PETRE2010171,
title = "Mental imagery and software visualization in high-performance software development teams",
journal = "Journal of Visual Languages & Computing",
volume = "21",
number = "3",
pages = "171 - 183",
year = "2010",
issn = "1045-926X",
doi = "https://doi.org/10.1016/j.jvlc.2009.11.001",
url = "http://www.sciencedirect.com/science/article/pii/S1045926X09000755",
author = "Marian Petre",
keywords = "Software visualization, Empirical studies, High-performance programming, Teamwork"
}
@article{GHOBADI201582,
title = "What drives knowledge sharing in software development teams: A literature review and classification framework",
journal = "Information & Management",
volume = "52",
number = "1",
pages = "82 - 97",
year = "2015",
issn = "0378-7206",
doi = "https://doi.org/10.1016/j.im.2014.10.008",
url = "http://www.sciencedirect.com/science/article/pii/S0378720614001323",
author = "Shahla Ghobadi",
keywords = "Software development, Software teams, Information system development, Knowledge sharing, Knowledge transfer, Literature review"
}
@article{LICORISH20141578,
title = "Understanding the attitudes, knowledge sharing behaviors and task performance of core developers: A longitudinal study",
journal = "Information and Software Technology",
volume = "56",
number = "12",
pages = "1578 - 1596",
year = "2014",
note = "Special issue: Human Factors in Software Development",
issn = "0950-5849",
doi = "https://doi.org/10.1016/j.infsof.2014.02.004",
url = "http://www.sciencedirect.com/science/article/pii/S095058491400038X",
author = "Sherlock A. Licorish and Stephen G. MacDonell",
keywords = "Core developers, Psycholinguistics, Content analysis, Attitudes, Knowledge sharing, Task performance"
}
@incollection{SJOBERG201629,
title = "Why theory matters",
editor = "Tim Menzies and Laurie Williams and Thomas Zimmermann",
booktitle = "Perspectives on Data Science for Software Engineering",
publisher = "Morgan Kaufmann",
address = "Boston",
pages = "29 - 33",
year = "2016",
isbn = "978-0-12-804206-9",
doi = "https://doi.org/10.1016/B978-0-12-804206-9.00006-4",
url = "http://www.sciencedirect.com/science/article/pii/B9780128042069000064",
author = "D.I.K. Sjøberg and G.R. Bergersen and T. Dybå",
keywords = "Theory building, Constructs, Propositions, Skill, Expertise reversal, Cognitive load theory"
}
@article{SKAGGS2018218,
title = "Fluxpart: Open source software for partitioning carbon dioxide and water vapor fluxes",
journal = "Agricultural and Forest Meteorology",
volume = "253-254",
pages = "218 - 224",
year = "2018",
issn = "0168-1923",
doi = "https://doi.org/10.1016/j.agrformet.2018.02.019",
url = "http://www.sciencedirect.com/science/article/pii/S0168192318300698",
author = "T.H. Skaggs and R.G. Anderson and J.G. Alfieri and T.M. Scanlon and W.P. Kustas",
keywords = "Flux partitioning, Eddy covariance, Evapotranspiration, Carbon dioxide flux, Open source software"
}
@article{SARIMBEKOV2014344,
title = "Dynamic program analysis—Reconciling developer productivity and tool performance",
journal = "Science of Computer Programming",
volume = "95",
pages = "344 - 358",
year = "2014",
note = "Special Section: ACM SAC-SVT 2013 + Bytecode 2013",
issn = "0167-6423",
doi = "https://doi.org/10.1016/j.scico.2014.03.014",
url = "http://www.sciencedirect.com/science/article/pii/S0167642314001543",
author = "Aibek Sarimbekov and Yudi Zheng and Danilo Ansaloni and Lubomír Bulej and Lukáš Marek and Walter Binder and Petr Tůma and Zhengwei Qi",
keywords = "Dynamic program analysis, Bytecode instrumentation, Development productivity, Controlled experiment"
}
@article{MARKER20131282,
title = "Code Generation and Optimization of Distributed-memory Dense Linear Algebra Kernels",
journal = "Procedia Computer Science",
volume = "18",
pages = "1282 - 1291",
year = "2013",
note = "2013 International Conference on Computational Science",
issn = "1877-0509",
doi = "https://doi.org/10.1016/j.procs.2013.05.295",
url = "http://www.sciencedirect.com/science/article/pii/S1877050913004389",
author = "Bryan Marker and Don Batory and Robert van de Geijn",
keywords = "program generation, dense linear algebra, high-performance software, distributed-memory computing"
}
@article{PATIL2011969,
title = "Methodological reflections on a field study of a globally distributed software project",
journal = "Information and Software Technology",
volume = "53",
number = "9",
pages = "969 - 980",
year = "2011",
note = "Studying work practices in Global Software Engineering",
issn = "0950-5849",
doi = "https://doi.org/10.1016/j.infsof.2011.01.013",
url = "http://www.sciencedirect.com/science/article/pii/S0950584911000425",
author = "Sameer Patil and Alfred Kobsa and Ajita John and Doree Seligmann",
keywords = "Geographically distributed collaboration, Global software development, Methodology"
}
@article{VANDENBRAND201575,
title = "Software engineering: Redundancy is key",
journal = "Science of Computer Programming",
volume = "97",
pages = "75 - 81",
year = "2015",
note = "Special Issue on New Ideas and Emerging Results in Understanding Software",
issn = "0167-6423",
doi = "https://doi.org/10.1016/j.scico.2013.11.020",
url = "http://www.sciencedirect.com/science/article/pii/S0167642313003043",
author = "Mark van den Brand and Jan Friso Groote",
keywords = "Software engineering, Software quality, Redundancy"
}
@article{FORNARO20071209,
title = "Reflections on 10 years of sponsored senior design projects: Students win–clients win!",
journal = "Journal of Systems and Software",
volume = "80",
number = "8",
pages = "1209 - 1216",
year = "2007",
note = "The Impact of Barry Boehm’s Work on Software Engineering Education and Training",
issn = "0164-1212",
doi = "https://doi.org/10.1016/j.jss.2006.09.052",
url = "http://www.sciencedirect.com/science/article/pii/S0164121206002925",
author = "Robert J. Fornaro and Margaret R. Heil and Alan L. Tharp",
keywords = "Capstone course, Software engineering, Professional communication"
}
@article{YANG201626,
title = "An improved strategic information management plan for medical institutes",
journal = "Computer Standards & Interfaces",
volume = "45",
pages = "26 - 36",
year = "2016",
issn = "0920-5489",
doi = "https://doi.org/10.1016/j.csi.2015.11.001",
url = "http://www.sciencedirect.com/science/article/pii/S092054891500121X",
author = "Tsung-Han Yang and Cheng-Yuan Ku and David C. Yen and Wen-Huai Hsieh",
keywords = "Strategic information management plan, Electronic medical record, Software development, Knowledge engineering and management, Software quality engineering"
}
@article{LAKHANI2003923,
title = "How open source software works: “free” user-to-user assistance",
journal = "Research Policy",
volume = "32",
number = "6",
pages = "923 - 943",
year = "2003",
issn = "0048-7333",
doi = "https://doi.org/10.1016/S0048-7333(02)00095-1",
url = "http://www.sciencedirect.com/science/article/pii/S0048733302000951",
author = "Karim R Lakhani and Eric von Hippel",
keywords = "Open source software, User support, User innovation, Intrinsic motivation, Virtual community"
}
@article{MISSIKOFF200594,
title = "APPLYING THE UNIFIED PROCESS TO LARGE-SCALE ONTOLOGY BUILDING",
journal = "IFAC Proceedings Volumes",
volume = "38",
number = "1",
pages = "94 - 99",
year = "2005",
note = "16th IFAC World Congress",
issn = "1474-6670",
doi = "https://doi.org/10.3182/20050703-6-CZ-1902.01534",
url = "http://www.sciencedirect.com/science/article/pii/S1474667016375462",
author = "Michele Missikoff and Roberto Navigli",
keywords = "knowledge engineering, software engineering, knowledge representation, knowledge acquisition, documents, domain analysis"
}
@article{GIUFFRIDA20131143,
title = "Empirical studies on the use of social software in global software development – A systematic mapping study",
journal = "Information and Software Technology",
volume = "55",
number = "7",
pages = "1143 - 1164",
year = "2013",
issn = "0950-5849",
doi = "https://doi.org/10.1016/j.infsof.2013.01.004",
url = "http://www.sciencedirect.com/science/article/pii/S0950584913000153",
author = "Rosalba Giuffrida and Yvonne Dittrich",
keywords = "Systematic mapping study, Global software development, Distributed teams, Social media, Social software, Computer-supported cooperative work"
}
@article{RINTALA201742,
title = "Designing gold extraction processes: Performance study of a case-based reasoning system",
journal = "Minerals Engineering",
volume = "109",
pages = "42 - 53",
year = "2017",
issn = "0892-6875",
doi = "https://doi.org/10.1016/j.mineng.2017.02.013",
url = "http://www.sciencedirect.com/science/article/pii/S0892687517300547",
author = "Lotta Rintala and Maria Leikola and Christian Sauer and Jari Aromaa and Thomas Roth-Berghofer and Olof Forsén and Mari Lundström",
keywords = "Knowledge modelling, Process design, Decision support system, Flowsheet recommendation"
}
@article{BRAGA201486,
title = "Consistency of model transformation contracts",
journal = "Science of Computer Programming",
volume = "92",
pages = "86 - 104",
year = "2014",
note = "Selected papers from the Brazilian Symposium on Formal Methods (SBMF 2011)",
issn = "0167-6423",
doi = "https://doi.org/10.1016/j.scico.2013.08.013",
url = "http://www.sciencedirect.com/science/article/pii/S0167642313002219",
author = "Christiano Braga and Cássio Santos and Viviane Torres da Silva",
keywords = "Mathematical aspects of software engineering"
}
@article{SARANYA2017,
title = "Model level code smell detection using EGAPSO based on similarity measures",
journal = "Alexandria Engineering Journal",
year = "2017",
issn = "1110-0168",
doi = "https://doi.org/10.1016/j.aej.2017.07.006",
url = "http://www.sciencedirect.com/science/article/pii/S111001681730234X",
author = "G. Saranya and H. Khanna Nehemiah and A. Kannan and V. Nithya",
keywords = "Software maintenance, Code smell, Software metrics, Search based software engineering, Euclidean distance, Open source software"
}
@article{SHARMA2018158,
title = "A survey on software smells",
journal = "Journal of Systems and Software",
volume = "138",
pages = "158 - 173",
year = "2018",
issn = "0164-1212",
doi = "https://doi.org/10.1016/j.jss.2017.12.034",
url = "http://www.sciencedirect.com/science/article/pii/S0164121217303114",
author = "Tushar Sharma and Diomidis Spinellis",
keywords = "Code smells, Software smells, Antipatterns, Software quality, Maintainability, Smell detection tools, Technical debt"
}
@article{GIRARDI2008604,
title = "A knowledge-based tool for multi-agent domain engineering",
journal = "Knowledge-Based Systems",
volume = "21",
number = "7",
pages = "604 - 611",
year = "2008",
issn = "0950-7051",
doi = "https://doi.org/10.1016/j.knosys.2008.03.036",
url = "http://www.sciencedirect.com/science/article/pii/S095070510800066X",
author = "Rosario Girardi and Adriana Leite",
keywords = "Knowledge-based systems, Multi-agent domain engineering, Multi-agent systems, Ontologies"
}
@article{CONDORIFERNANDEZ2018289,
title = "Characterizing the contribution of quality requirements to software sustainability",
journal = "Journal of Systems and Software",
volume = "137",
pages = "289 - 305",
year = "2018",
issn = "0164-1212",
doi = "https://doi.org/10.1016/j.jss.2017.12.005",
url = "http://www.sciencedirect.com/science/article/pii/S0164121217302984",
author = "Nelly Condori-Fernandez and Patricia Lago",
keywords = "Sustainability, Software-intensive systems, Quality requirements, Survey"
}
@article{SHARAFI201579,
title = "A systematic literature review on the usage of eye-tracking in software engineering",
journal = "Information and Software Technology",
volume = "67",
pages = "79 - 107",
year = "2015",
issn = "0950-5849",
doi = "https://doi.org/10.1016/j.infsof.2015.06.008",
url = "http://www.sciencedirect.com/science/article/pii/S0950584915001196",
author = "Zohreh Sharafi and Zéphyrin Soh and Yann-Gaël Guéhéneuc",
keywords = "Eye-tracking, Software engineering, Experiment"
}
@article{ZAHEDI201636,
title = "Why does site visit matter in global software development: A knowledge-based perspective",
journal = "Information and Software Technology",
volume = "80",
pages = "36 - 56",
year = "2016",
issn = "0950-5849",
doi = "https://doi.org/10.1016/j.infsof.2016.08.001",
url = "http://www.sciencedirect.com/science/article/pii/S0950584916301215",
author = "Mansooreh Zahedi and Muhammad Ali Babar",
keywords = "Global software development (gsd), Knowledge sharing, Knowledge management, Face-to-Face interaction, Empirical, Case study"
}
@article{RYAN2009229,
title = "Development of a team measure for tacit knowledge in software development teams",
journal = "Journal of Systems and Software",
volume = "82",
number = "2",
pages = "229 - 240",
year = "2009",
issn = "0164-1212",
doi = "https://doi.org/10.1016/j.jss.2008.05.037",
url = "http://www.sciencedirect.com/science/article/pii/S0164121208001313",
author = "Sharon Ryan and Rory V. O’Connor",
keywords = "Knowledge, Tacit knowledge, Team tacit knowledge, Repertory grid, Team performance, Team management, Agile methods"
}
@article{SHIM20101062,
title = "Coproduction in successful software development projects",
journal = "Information and Software Technology",
volume = "52",
number = "10",
pages = "1062 - 1068",
year = "2010",
issn = "0950-5849",
doi = "https://doi.org/10.1016/j.infsof.2010.05.006",
url = "http://www.sciencedirect.com/science/article/pii/S0950584910000844",
author = "J.T. Shim and Tsong Shin Sheu and Houn-Gee Chen and James J. Jiang and Gary Klein",
keywords = "Coproduction, Project management, Software development, Expertise application"
}
@article{ANDERSON2018400,
title = "A service-oriented framework for collating retail intelligence",
journal = "Future Generation Computer Systems",
volume = "80",
pages = "400 - 408",
year = "2018",
issn = "0167-739X",
doi = "https://doi.org/10.1016/j.future.2017.07.006",
url = "http://www.sciencedirect.com/science/article/pii/S0167739X17314693",
author = "Mark Anderson and Joseph Bolton",
keywords = "Distributed applications, Software architectures, Web-based service"
}
@article{VASILESCU2014251,
title = "How healthy are software engineering conferences?",
journal = "Science of Computer Programming",
volume = "89",
pages = "251 - 272",
year = "2014",
issn = "0167-6423",
doi = "https://doi.org/10.1016/j.scico.2014.01.016",
url = "http://www.sciencedirect.com/science/article/pii/S0167642314000318",
author = "Bogdan Vasilescu and Alexander Serebrenik and Tom Mens and Mark G.J. van den Brand and Ekaterina Pek",
keywords = "Scientometrics, Software engineering, Conferences, Empirical research"
}
@article{VANDENBOOM201748,
title = "Automated classification of self-grooming in mice using open-source software",
journal = "Journal of Neuroscience Methods",
volume = "289",
pages = "48 - 56",
year = "2017",
issn = "0165-0270",
doi = "https://doi.org/10.1016/j.jneumeth.2017.05.026",
url = "http://www.sciencedirect.com/science/article/pii/S0165027017301590",
author = "Bastijn J.G. van den Boom and Pavlina Pavlidi and Casper J.H. Wolf and Adriana H. Mooij and Ingo Willuhn",
keywords = "JAABA classifier, Automated video analysis, Machine learning, Self-grooming, Mouse behavior, Open-source software, Inter-rater variability, SAPAP3 knockout mice, Open field, Elevated plus maze"
}
@article{CORNELIA20151123,
title = "Expert Systems with Applications in the Legal Domain",
journal = "Procedia Technology",
volume = "19",
pages = "1123 - 1129",
year = "2015",
note = "8th International Conference Interdisciplinarity in Engineering, INTER-ENG 2014, 9-10 October 2014, Tirgu Mures, Romania",
issn = "2212-0173",
doi = "https://doi.org/10.1016/j.protcy.2015.02.160",
url = "http://www.sciencedirect.com/science/article/pii/S2212017315001619",
author = "Ana-Maria Cornelia and Cristinel Ioan Murzea and Bogdan Alexandrescu and Angela Repanovici",
keywords = "expert systems, legislation, thesaurus, open source, DSpace."
}
@article{HASIUK201725,
title = "TouchTerrain: A simple web-tool for creating 3D-printable topographic models",
journal = "Computers & Geosciences",
volume = "109",
pages = "25 - 31",
year = "2017",
issn = "0098-3004",
doi = "https://doi.org/10.1016/j.cageo.2017.07.005",
url = "http://www.sciencedirect.com/science/article/pii/S0098300416304824",
author = "Franciszek J. Hasiuk and Chris Harding and Alex Raymond Renner and Eliot Winer",
keywords = "3D printing, Topography, Terrain, Google Earth Engine, Python, Direct Digital Manufacturing"
}
@article{SCHLOEGEL2018146,
title = "Age stereotypes in distributed software development: The impact of culture on age-related performance expectations",
journal = "Information and Software Technology",
volume = "97",
pages = "146 - 162",
year = "2018",
issn = "0950-5849",
doi = "https://doi.org/10.1016/j.infsof.2018.01.009",
url = "http://www.sciencedirect.com/science/article/pii/S0950584918300132",
author = "Uta Schloegel and Sebastian Stegmann and Rolf van Dick and Alexander Maedche",
keywords = "Age stereotypes, National culture, Organizational culture, Distributed software development, Contact"
}
@article{TRANTHANH201489,
title = "Efficient crowdsourcing of unknown experts using bounded multi-armed bandits",
journal = "Artificial Intelligence",
volume = "214",
pages = "89 - 111",
year = "2014",
issn = "0004-3702",
doi = "https://doi.org/10.1016/j.artint.2014.04.005",
url = "http://www.sciencedirect.com/science/article/pii/S0004370214000538",
author = "Long Tran-Thanh and Sebastian Stein and Alex Rogers and Nicholas R. Jennings",
keywords = "Crowdsourcing, Machine learning, Multi-armed bandits, Budget limitation"
}
@article{DENICOLA2009258,
title = "A software engineering approach to ontology building",
journal = "Information Systems",
volume = "34",
number = "2",
pages = "258 - 275",
year = "2009",
issn = "0306-4379",
doi = "https://doi.org/10.1016/j.is.2008.07.002",
url = "http://www.sciencedirect.com/science/article/pii/S0306437908000628",
author = "Antonio De Nicola and Michele Missikoff and Roberto Navigli",
keywords = "Ontology building, Knowledge representation formalism, Knowledge representation method"
}
@incollection{ORSO2016271,
title = "Don't forget the developers! (and be careful with your assumptions)",
editor = "Tim Menzies and Laurie Williams and Thomas Zimmermann",
booktitle = "Perspectives on Data Science for Software Engineering",
publisher = "Morgan Kaufmann",
address = "Boston",
pages = "271 - 275",
year = "2016",
isbn = "978-0-12-804206-9",
doi = "https://doi.org/10.1016/B978-0-12-804206-9.00049-0",
url = "http://www.sciencedirect.com/science/article/pii/B9780128042069000490",
author = "A. Orso",
keywords = "Spectra-based fault localization (SBFL), User studies, Debugging, Helping developers"
}
@article{ROCCHINI2017166,
title = "Spatio-ecological complexity measures in GRASS GIS",
journal = "Computers & Geosciences",
volume = "104",
pages = "166 - 176",
year = "2017",
issn = "0098-3004",
doi = "https://doi.org/10.1016/j.cageo.2016.05.006",
url = "http://www.sciencedirect.com/science/article/pii/S0098300416301285",
author = "Duccio Rocchini and Vaclav Petras and Anna Petrasova and Yann Chemin and Carlo Ricotta and Alessandro Frigeri and Martin Landa and Matteo Marcantonio and Lucy Bastin and Markus Metz and Luca Delucchi and Markus Neteler",
keywords = "Free and Open Source Software, Remote sensing, Spatial complexity, Spatial ecology"
}
@article{MISHRA201849,
title = "Knowledge management in requirement elicitation: Situational methods view",
journal = "Computer Standards & Interfaces",
volume = "56",
pages = "49 - 61",
year = "2018",
issn = "0920-5489",
doi = "https://doi.org/10.1016/j.csi.2017.09.004",
url = "http://www.sciencedirect.com/science/article/pii/S092054891630229X",
author = "Deepti Mishra and Seçil Aydin and Alok Mishra and Sofiya Ostrovska",
keywords = "Knowledge management, Requirement engineering, Situational method engineering, Requirement elicitation"
}
@incollection{BHONSALE20161971,
title = "SolACE: An Open Source Package for Nolinear Model Predictive Control and State Estimation for (Bio)Chemical Processes",
editor = "Zdravko Kravanja and Miloš Bogataj",
series = "Computer Aided Chemical Engineering",
publisher = "Elsevier",
volume = "38",
pages = "1971 - 1976",
year = "2016",
booktitle = "26th European Symposium on Computer Aided Process Engineering",
issn = "1570-7946",
doi = "https://doi.org/10.1016/B978-0-444-63428-3.50333-7",
url = "http://www.sciencedirect.com/science/article/pii/B9780444634283503337",
author = "Satyajeet S. Bhonsale and Mattia Vallerio and Dries Telen and Dominique Vercammen and Filip Logist and Jan van Impe",
keywords = "Nonlinear Model Predictive Control, State Estimation, Simulation Software"
}
@article{NIAZI20161553,
title = "Toward successful project management in global software development",
journal = "International Journal of Project Management",
volume = "34",
number = "8",
pages = "1553 - 1567",
year = "2016",
issn = "0263-7863",
doi = "https://doi.org/10.1016/j.ijproman.2016.08.008",
url = "http://www.sciencedirect.com/science/article/pii/S0263786316300837",
author = "Mahmood Niazi and Sajjad Mahmood and Mohammad Alshayeb and Abdul Majid Qureshi and Kanaan Faisal and Narciso Cerpa",
keywords = "Global software development, Project management, Systematic literature review, Empirical study, Knowledge areas"
}
@article{BORTE2012985,
title = "The role of social interaction in software effort estimation: Unpacking the “magic step” between reasoning and decision-making",
journal = "Information and Software Technology",
volume = "54",
number = "9",
pages = "985 - 996",
year = "2012",
issn = "0950-5849",
doi = "https://doi.org/10.1016/j.infsof.2012.03.002",
url = "http://www.sciencedirect.com/science/article/pii/S0950584912000511",
author = "Kristin Børte and Sten R. Ludvigsen and Anders I. Mørch",
keywords = "Group work, Software effort estimation, Planning poker, Qualitative methods, Interaction analysis"
}
@article{SOUALHIA2017170,
title = "Task Scheduling in Big Data Platforms: A Systematic Literature Review",
journal = "Journal of Systems and Software",
volume = "134",
pages = "170 - 189",
year = "2017",
issn = "0164-1212",
doi = "https://doi.org/10.1016/j.jss.2017.09.001",
url = "http://www.sciencedirect.com/science/article/pii/S0164121217301954",
author = "Mbarka Soualhia and Foutse Khomh and Sofiène Tahar",
keywords = "Task Scheduling, Hadoop, Spark, Storm, Mesos, Systematic Literature Review"
}
@article{SANTOS201778,
title = "Benefits and limitations of project-to-project job rotation in software organizations: A synthesis of evidence",
journal = "Information and Software Technology",
volume = "89",
pages = "78 - 96",
year = "2017",
issn = "0950-5849",
doi = "https://doi.org/10.1016/j.infsof.2017.04.006",
url = "http://www.sciencedirect.com/science/article/pii/S0950584917303646",
author = "Ronnie E.S. Santos and Fabio Q.B. da Silva and Maria Teresa Baldassarre and Cleyton V.C. de Magalhães",
keywords = "Job rotation, Work design, Software engineering, Systematic literature review, Case study, Replication"
}
@article{KATO2010296,
title = "An Education Program on a Network System Construction Process",
journal = "IFAC Proceedings Volumes",
volume = "42",
number = "24",
pages = "296 - 301",
year = "2010",
note = "8th IFAC Symposium on Advances in Control Education",
issn = "1474-6670",
doi = "https://doi.org/10.3182/20091021-3-JP-2009.00056",
url = "http://www.sciencedirect.com/science/article/pii/S1474667015316359",
author = "Yuka Kato",
keywords = "computer networks, education, information technology, software engineering, systems design"
}
@article{GEOGY2016405,
title = "A Scrutiny of the Software Requirement Engineering Process",
journal = "Procedia Technology",
volume = "25",
pages = "405 - 410",
year = "2016",
note = "1st Global Colloquium on Recent Advancements and Effectual Researches in Engineering, Science and Technology - RAEREST 2016 on April 22nd & 23rd April 2016",
issn = "2212-0173",
doi = "https://doi.org/10.1016/j.protcy.2016.08.125",
url = "http://www.sciencedirect.com/science/article/pii/S2212017316304728",
author = "Manju Geogy and Andhe Dharani",
keywords = "Requirement Engineering(RE), Analysis, Challenges"
}
@article{ALQAHTANI2016153,
title = "Tracing known security vulnerabilities in software repositories – A Semantic Web enabled modeling approach",
journal = "Science of Computer Programming",
volume = "121",
pages = "153 - 175",
year = "2016",
note = "Special Issue on Knowledge-based Software Engineering",
issn = "0167-6423",
doi = "https://doi.org/10.1016/j.scico.2016.01.005",
url = "http://www.sciencedirect.com/science/article/pii/S0167642316000253",
author = "Sultan S. Alqahtani and Ellis E. Eghan and Juergen Rilling",
keywords = "Semantic knowledge modelling, Semantic web, Software security vulnerabilities, Software traceability, Impact analysis"
}
@article{RUTLE2015545,
title = "Model-driven Software Engineering in Practice: A Content Analysis Software for Health Reform Agreements",
journal = "Procedia Computer Science",
volume = "63",
pages = "545 - 552",
year = "2015",
note = "The 6th International Conference on Emerging Ubiquitous Systems and Pervasive Networks (EUSPN 2015)/ The 5th International Conference on Current and Future Trends of Information and Communication Technologies in Healthcare (ICTH-2015)/ Affiliated Workshops",
issn = "1877-0509",
doi = "https://doi.org/10.1016/j.procs.2015.08.383",
url = "http://www.sciencedirect.com/science/article/pii/S1877050915025181",
author = "Adrian Rutle and Kent Inge Fagerland Simonsen and Hans Georg Schaathun and Ralf Kirchhoff",
keywords = "Model-driven Software Engineering, Coordination Reforms in healthcare, Metamodelling, MVCore"
}
@article{USMAN201743,
title = "Taxonomies in software engineering: A Systematic mapping study and a revised taxonomy development method",
journal = "Information and Software Technology",
volume = "85",
pages = "43 - 59",
year = "2017",
issn = "0950-5849",
doi = "https://doi.org/10.1016/j.infsof.2017.01.006",
url = "http://www.sciencedirect.com/science/article/pii/S0950584917300472",
author = "Muhammad Usman and Ricardo Britto and Jürgen Börstler and Emilia Mendes",
keywords = "Taxonomy, Classification, Software engineering, Systematic mapping study"
}
@article{MICIC20161,
title = "Knowledge acquisition in information technology and software engineering towards excellence of information systems based on the standardisation platform",
journal = "Computer Standards & Interfaces",
volume = "44",
pages = "1 - 17",
year = "2016",
issn = "0920-5489",
doi = "https://doi.org/10.1016/j.csi.2015.09.005",
url = "http://www.sciencedirect.com/science/article/pii/S0920548915001026",
author = "Živadin Micić and Marija Blagojević",
keywords = "IT, SE, Knowledge acquisition, IS excellence, standardisation"
}
@article{GALINACGRBAC2015250,
title = "On the probability distribution of faults in complex software systems",
journal = "Information and Software Technology",
volume = "58",
pages = "250 - 258",
year = "2015",
issn = "0950-5849",
doi = "https://doi.org/10.1016/j.infsof.2014.06.014",
url = "http://www.sciencedirect.com/science/article/pii/S0950584914001530",
author = "Tihana Galinac Grbac and Darko Huljenić",
keywords = "Software fault distribution, Probability distribution, Non-linear regression, Complex software system, Empirical research"
}
@article{SUTCLIFFE1991173,
title = "Analogical software reuse: Empirical investigations of analogy-based reuse and software engineering practices",
journal = "Acta Psychologica",
volume = "78",
number = "1",
pages = "173 - 197",
year = "1991",
issn = "0001-6918",
doi = "https://doi.org/10.1016/0001-6918(91)90010-W",
url = "http://www.sciencedirect.com/science/article/pii/000169189190010W",
author = "Alistair Sutcliffe and Neil Maiden"
}
@article{LENBERG201515,
title = "Behavioral software engineering: A definition and systematic literature review",
journal = "Journal of Systems and Software",
volume = "107",
pages = "15 - 37",
year = "2015",
issn = "0164-1212",
doi = "https://doi.org/10.1016/j.jss.2015.04.084",
url = "http://www.sciencedirect.com/science/article/pii/S0164121215000989",
author = "Per Lenberg and Robert Feldt and Lars Göran Wallgren",
keywords = "Software engineering, Human aspects, Psychology"
}
@article{CAMPANELLI2018366,
title = "The impact of tailoring criteria on agile practices adoption: A survey with novice agile practitioners in Brazil",
journal = "Journal of Systems and Software",
volume = "137",
pages = "366 - 379",
year = "2018",
issn = "0164-1212",
doi = "https://doi.org/10.1016/j.jss.2017.12.012",
url = "http://www.sciencedirect.com/science/article/pii/S0164121217303059",
author = "Amadeu Silveira Campanelli and Ronaldo Darwich Camilo and Fernando Silva Parreiras",
keywords = "Agile method tailoring, Tailoring criteria, Agile practices selection, Agile practices adoption, PLS-SEM, Software method tailoring"
}
@article{CREMA201839,
title = "SedInConnect: a stand-alone, free and open source tool for the assessment of sediment connectivity",
journal = "Computers & Geosciences",
volume = "111",
pages = "39 - 45",
year = "2018",
issn = "0098-3004",
doi = "https://doi.org/10.1016/j.cageo.2017.10.009",
url = "http://www.sciencedirect.com/science/article/pii/S0098300416308275",
author = "Stefano Crema and Marco Cavalli",
keywords = "SedInConnect, Sediment connectivity, Geomorphometry, Open source GIS software, Landscape management"
}
@article{AFZAL2017,
title = "Enabling IoT platforms for social IoT applications: Vision, feature mapping, and challenges",
journal = "Future Generation Computer Systems",
year = "2017",
issn = "0167-739X",
doi = "https://doi.org/10.1016/j.future.2017.12.002",
url = "http://www.sciencedirect.com/science/article/pii/S0167739X17312724",
author = "Bilal Afzal and Muhammad Umair and Ghalib Asadullah Shah and Ejaz Ahmed",
keywords = "Social IoT, Operating systems, Microcontroller architecture, Embedded systems, Resource-constrained devices"
}
@article{FERNANDEZLOPEZ2014407,
title = "A knowledge-based component library for high-level computer vision tasks",
journal = "Knowledge-Based Systems",
volume = "70",
pages = "407 - 419",
year = "2014",
issn = "0950-7051",
doi = "https://doi.org/10.1016/j.knosys.2014.07.017",
url = "http://www.sciencedirect.com/science/article/pii/S0950705114002743",
author = "D. Fernández-López and R. Cabido and A. Sierra-Alonso and A.S. Montemayor and J.J. Pantrigo",
keywords = "Knowledge modeling, Software component reuse, Computer vision, Visual surveillance, Knowledge based systems, Domain modelling, Software engineering"
}
@article{GUIZZO2017331,
title = "A multi-objective and evolutionary hyper-heuristic applied to the Integration and Test Order Problem",
journal = "Applied Soft Computing",
volume = "56",
pages = "331 - 344",
year = "2017",
issn = "1568-4946",
doi = "https://doi.org/10.1016/j.asoc.2017.03.012",
url = "http://www.sciencedirect.com/science/article/pii/S1568494617301357",
author = "Giovani Guizzo and Silvia R. Vergilio and Aurora T.R. Pozo and Gian M. Fritsche",
keywords = "Metaheuristic, Hyper-heuristic, Multi-objective algorithm, Search-Based Software Engineering, Software testing"
}
@article{CHUN199683,
title = "Software integration of real-time expert systems",
journal = "Control Engineering Practice",
volume = "4",
number = "1",
pages = "83 - 88",
year = "1996",
issn = "0967-0661",
doi = "https://doi.org/10.1016/0967-0661(95)00210-3",
url = "http://www.sciencedirect.com/science/article/pii/0967066195002103",
author = "R.K. Chun",
keywords = "Artificial Intelligence, Expert Systems, Heuristic Programming, Inference Processes, Knowledge Engineering, Parallel Processing, Software Engineering"
}
@article{SLONINA201598,
title = "Mechanic: The MPI/HDF code framework for dynamical astronomy",
journal = "New Astronomy",
volume = "34",
pages = "98 - 107",
year = "2015",
issn = "1384-1076",
doi = "https://doi.org/10.1016/j.newast.2014.05.006",
url = "http://www.sciencedirect.com/science/article/pii/S1384107614000864",
author = "Mariusz Słonina and Krzysztof Goździewski and Cezary Migaszewski",
keywords = "Numerical methods, Task management, Message Passing Interface, Hierarchical Data Format"
}
@article{BAIBARAC2017227,
title = "Open-source Resilience: A Connected Commons-based Proposition for Urban Transformation",
journal = "Procedia Engineering",
volume = "198",
pages = "227 - 239",
year = "2017",
note = "Urban Transitions Conference, Shanghai, September 2016",
issn = "1877-7058",
doi = "https://doi.org/10.1016/j.proeng.2017.07.157",
url = "http://www.sciencedirect.com/science/article/pii/S1877705817330047",
author = "Corelia Baibarac and Doina Petrescu",
keywords = "resilience, urban transformation, commoning, open-source, digital platform, co-design, agency, Paris"
}
@article{DELUCIA2007492,
title = "Enhancing collaborative synchronous UML modelling with fine-grained versioning of software artefacts",
journal = "Journal of Visual Languages & Computing",
volume = "18",
number = "5",
pages = "492 - 503",
year = "2007",
note = "In honour of Stefano Levialdi",
issn = "1045-926X",
doi = "https://doi.org/10.1016/j.jvlc.2007.08.005",
url = "http://www.sciencedirect.com/science/article/pii/S1045926X07000481",
author = "A. De Lucia and F. Fasano and G. Scanniello and G. Tortora",
keywords = "Collaborative synchronous visual modelling, Computer Supported Cooperative Work, Fine-grained artefact management, Distributed Software Development"
}
@article{JORGENSEN20071472,
title = "Characteristics of software engineers with optimistic predictions",
journal = "Journal of Systems and Software",
volume = "80",
number = "9",
pages = "1472 - 1482",
year = "2007",
note = "Evaluation and Assessment in Software Engineering",
issn = "0164-1212",
doi = "https://doi.org/10.1016/j.jss.2006.09.047",
url = "http://www.sciencedirect.com/science/article/pii/S0164121206002986",
author = "Magne Jørgensen and Bjørn Faugli and Tanja Gruschke",
keywords = "Software development effort estimation, Expert judgment, Predictions of optimism"
}
@article{GRIMSTAD20071770,
title = "Inconsistency of expert judgment-based estimates of software development effort",
journal = "Journal of Systems and Software",
volume = "80",
number = "11",
pages = "1770 - 1777",
year = "2007",
issn = "0164-1212",
doi = "https://doi.org/10.1016/j.jss.2007.03.001",
url = "http://www.sciencedirect.com/science/article/pii/S0164121207000714",
author = "Stein Grimstad and Magne Jørgensen",
keywords = "Software development, Effort estimation, Expert judgment"
}
@incollection{KHAN20171,
title = "Chapter 1 - Characteristics of Intelligent Transportation Systems and Its Relationship With Data Analytics",
editor = "Mashrur Chowdhury and Amy Apon and Kakan Dey",
booktitle = "Data Analytics for Intelligent Transportation Systems",
publisher = "Elsevier",
pages = "1 - 29",
year = "2017",
isbn = "978-0-12-809715-1",
doi = "https://doi.org/10.1016/B978-0-12-809715-1.00001-8",
url = "http://www.sciencedirect.com/science/article/pii/B9780128097151000018",
author = "Sakib M. Khan and Mizanur Rahman and Amy Apon and Mashrur Chowdhury",
keywords = "Intelligent transportation systems, big data, ITS architecture, ITS applications, ITS history, data analytics, connected vehicle, ITS data collection technology"
}
@article{MAHNIC20122086,
title = "On using planning poker for estimating user stories",
journal = "Journal of Systems and Software",
volume = "85",
number = "9",
pages = "2086 - 2095",
year = "2012",
note = "Selected papers from the 2011 Joint Working IEEE/IFIP Conference on Software Architecture (WICSA 2011)",
issn = "0164-1212",
doi = "https://doi.org/10.1016/j.jss.2012.04.005",
url = "http://www.sciencedirect.com/science/article/pii/S0164121212001021",
author = "Viljan Mahnič and Tomaž Hovelja",
keywords = "Agile software development, Effort estimation, User story, Planning poker, Expert judgment, Scrum"
}
@article{SCHUMANN199029,
title = "Strategy and experience in the training of staff involved in the process of application software development",
journal = "Education and Computing",
volume = "6",
number = "1",
pages = "29 - 32",
year = "1990",
note = "Proceedings of the IFIP TC 3/WG 3.4 Working Conference",
issn = "0167-9287",
doi = "https://doi.org/10.1016/S0167-9287(05)80043-3",
url = "http://www.sciencedirect.com/science/article/pii/S0167928705800433",
author = "Jörg Schumann",
keywords = "Training strategy, Application software development, Software engineering, Quality assurance, Life cycle model, Requirement specification, Prototyping, User participation, Advanced end-user, Data processing professional, New skills, Teachware"
}
@article{AURUM2008511,
title = "Investigating Knowledge Management practices in software development organisations – An Australian experience",
journal = "Information and Software Technology",
volume = "50",
number = "6",
pages = "511 - 533",
year = "2008",
issn = "0950-5849",
doi = "https://doi.org/10.1016/j.infsof.2007.05.005",
url = "http://www.sciencedirect.com/science/article/pii/S0950584907000602",
author = "Aybüke Aurum and Farhad Daneshgar and James Ward",
keywords = "Knowledge Management, Software Engineering, Software process models, KM activities, KM process enablers"
}
@article{KARBAN2018681,
title = "Bayes approach to solving T.E.A.M. benchmark problems 22 and 25 and its comparison with other optimization techniques",
journal = "Applied Mathematics and Computation",
volume = "319",
pages = "681 - 692",
year = "2018",
note = "Recent Advances in Computing",
issn = "0096-3003",
doi = "https://doi.org/10.1016/j.amc.2017.07.043",
url = "http://www.sciencedirect.com/science/article/pii/S0096300317305040",
author = "Pavel Karban and Petr Kropík and Václav Kotlan and Ivo Doležel",
keywords = "Bayes optimization, Numerical modeling, Benchmark, Finite element method, Heuristic algorithms, Deterministic algorithms"
}
@article{ERFANI2016345,
title = "Context-awareness in the software domain—A semantic web enabled modeling approach",
journal = "Journal of Systems and Software",
volume = "121",
pages = "345 - 357",
year = "2016",
issn = "0164-1212",
doi = "https://doi.org/10.1016/j.jss.2016.02.023",
url = "http://www.sciencedirect.com/science/article/pii/S0164121216000558",
author = "Mostafa Erfani and Mohammadnaser Zandi and Juergen Rilling and Iman Keivanloo",
keywords = "Context-awareness, Meta-modeling, Semantic Web"
}
@article{RAMIREZ2015234,
title = "An approach for the evolutionary discovery of software architectures",
journal = "Information Sciences",
volume = "305",
pages = "234 - 255",
year = "2015",
issn = "0020-0255",
doi = "https://doi.org/10.1016/j.ins.2015.01.017",
url = "http://www.sciencedirect.com/science/article/pii/S0020025515000559",
author = "Aurora Ramírez and José Raúl Romero and Sebastián Ventura",
keywords = "Search based software engineering, Software architecture discovery, Evolutionary algorithms, Ranking aggregation fitness"
}
@article{SOOMRO201652,
title = "The effect of software engineers’ personality traits on team climate and performance: A Systematic Literature Review",
journal = "Information and Software Technology",
volume = "73",
pages = "52 - 65",
year = "2016",
issn = "0950-5849",
doi = "https://doi.org/10.1016/j.infsof.2016.01.006",
url = "http://www.sciencedirect.com/science/article/pii/S0950584916000082",
author = "Arjumand Bano Soomro and Norsaremah Salleh and Emilia Mendes and John Grundy and Giles Burch and Azlin Nordin",
keywords = "Software team climate, Personality and software engineering, Systematic literature review, Team performance"
}
@article{SUN2017355,
title = "Enhancing developer recommendation with supplementary information via mining historical commits",
journal = "Journal of Systems and Software",
volume = "134",
pages = "355 - 368",
year = "2017",
issn = "0164-1212",
doi = "https://doi.org/10.1016/j.jss.2017.09.021",
url = "http://www.sciencedirect.com/science/article/pii/S0164121217302091",
author = "Xiaobing Sun and Hui Yang and Xin Xia and Bin Li",
keywords = "Collaborative topic modeling, Developer recommendation, Bug assignment, Personalized recommendation, Supplementary information recommendation, Commit repository"
}
@article{SAITO20151092,
title = "A Case-based Management System for Secure Software Development Using Software Security Knowledge",
journal = "Procedia Computer Science",
volume = "60",
pages = "1092 - 1100",
year = "2015",
note = "Knowledge-Based and Intelligent Information & Engineering Systems 19th Annual Conference, KES-2015, Singapore, September 2015 Proceedings",
issn = "1877-0509",
doi = "https://doi.org/10.1016/j.procs.2015.08.155",
url = "http://www.sciencedirect.com/science/article/pii/S1877050915022826",
author = "Masahito Saito and Atsuo Hazeyama and Nobukazu Yoshioka and Takanori Kobashi and Hironori Washizaki and Haruhiko Kaiya and Takao Ohkubo",
keywords = "Secure software development support, Case-based management system for secure software development"
}
@article{AKILA2015114,
title = "Effective Bug Triage–A Framework",
journal = "Procedia Computer Science",
volume = "48",
pages = "114 - 120",
year = "2015",
note = "International Conference on Computer, Communication and Convergence (ICCC 2015)",
issn = "1877-0509",
doi = "https://doi.org/10.1016/j.procs.2015.04.159",
url = "http://www.sciencedirect.com/science/article/pii/S1877050915006687",
author = "V. Akila and G. Zayaraz and V. Govindasamy"
}
@article{BEYDOUN2013673,
title = "Suitability assessment framework of agent-based software architectures",
journal = "Information and Software Technology",
volume = "55",
number = "4",
pages = "673 - 689",
year = "2013",
issn = "0950-5849",
doi = "https://doi.org/10.1016/j.infsof.2012.10.007",
url = "http://www.sciencedirect.com/science/article/pii/S095058491200225X",
author = "Ghassan Beydoun and Graham Low and Paul Bogg",
keywords = "Modelling, Distributed intelligent systems, Agent, Multi Agent Systems, Software development"
}
@article{MOON2011215,
title = "An Empirical Investigation of Dual Network Effects in Innovation Project Development",
journal = "Journal of Interactive Marketing",
volume = "25",
number = "4",
pages = "215 - 225",
year = "2011",
issn = "1094-9968",
doi = "https://doi.org/10.1016/j.intmar.2011.03.001",
url = "http://www.sciencedirect.com/science/article/pii/S1094996811000247",
author = "Sangkil Moon",
keywords = "Open source software (OSS), Innovation project development, Network effect"
}
@article{ESILVA2013100,
title = "Decision model for allocating human resources in information system projects",
journal = "International Journal of Project Management",
volume = "31",
number = "1",
pages = "100 - 108",
year = "2013",
note = "The International Network for Business and Management Journals (INBAM) 2012",
issn = "0263-7863",
doi = "https://doi.org/10.1016/j.ijproman.2012.06.008",
url = "http://www.sciencedirect.com/science/article/pii/S0263786312000828",
author = "Lúcio Camara e Silva and Ana Paula Cabral Seixas Costa",
keywords = "Human resource allocation, Dynamic programming, Project management"
}
@article{ARDINI201475,
title = "Social computing for software engineering: A mapping study",
journal = "Computer Science Review",
volume = "13-14",
pages = "75 - 93",
year = "2014",
issn = "1574-0137",
doi = "https://doi.org/10.1016/j.cosrev.2014.08.002",
url = "http://www.sciencedirect.com/science/article/pii/S1574013714000124",
author = "Amalia Ardini and Mahmood Hosseini and Amen Alrobai and Alimohammad Shahri and Keith Phalp and Raian Ali",
keywords = "Social computing, Software engineering, Systematic mapping"
}
@article{CHUN199428,
title = "Software Integration of Real-Time Expert Systems",
journal = "IFAC Proceedings Volumes",
volume = "27",
number = "10",
pages = "28 - 33",
year = "1994",
note = "2nd IFAC Workshop on Computer Software Structures Integrating AI/KBS Systems in Process Control, Lund, Sweden, August 10-12, 1994",
issn = "1474-6670",
doi = "https://doi.org/10.1016/S1474-6670(17)45842-3",
url = "http://www.sciencedirect.com/science/article/pii/S1474667017458423",
author = "Robert K. Chun",
keywords = "Artificial Intelligence, Expert Systems, Heuristic Programming, Inference Processes, Knowledge Engineering, Parallel Processing, Software Engineering"
}
@article{KHAMIS201319,
title = "Assessing the quality factors found in in-line documentation written in natural language: The JavadocMiner",
journal = "Data & Knowledge Engineering",
volume = "87",
pages = "19 - 40",
year = "2013",
issn = "0169-023X",
doi = "https://doi.org/10.1016/j.datak.2013.02.001",
url = "http://www.sciencedirect.com/science/article/pii/S0169023X13000207",
author = "Ninus Khamis and Juergen Rilling and René Witte",
keywords = "Text mining, Software engineering, Source code comments, Automated quality analysis, Javadoc, Ontology"
}
@article{AMPATZOGLOU2013131,
title = "Building and mining a repository of design pattern instances: Practical and research benefits",
journal = "Entertainment Computing",
volume = "4",
number = "2",
pages = "131 - 142",
year = "2013",
issn = "1875-9521",
doi = "https://doi.org/10.1016/j.entcom.2012.10.002",
url = "http://www.sciencedirect.com/science/article/pii/S1875952112000195",
author = "Apostolos Ampatzoglou and Olia Michou and Ioannis Stamelos",
keywords = "Software engineering, Computer games, Design patterns, Repository"
}
@article{DEOLIVEIRA2004145,
title = "Domain-oriented software development environment",
journal = "Journal of Systems and Software",
volume = "72",
number = "2",
pages = "145 - 161",
year = "2004",
issn = "0164-1212",
doi = "https://doi.org/10.1016/S0164-1212(03)00233-4",
url = "http://www.sciencedirect.com/science/article/pii/S0164121203002334",
author = "Káthia Marçal de Oliveira and Fábio Zlot and Ana Regina Rocha and Guilherme Horta Travassos and Cátia Galotta and Crediné Silva de Menezes",
keywords = "Software development environment, Ontology, Domain orientation"
}
@article{HENNIG2017201,
title = "An open-source solution for advanced imaging flow cytometry data analysis using machine learning",
journal = "Methods",
volume = "112",
pages = "201 - 210",
year = "2017",
note = "Flow Cytometry",
issn = "1046-2023",
doi = "https://doi.org/10.1016/j.ymeth.2016.08.018",
url = "http://www.sciencedirect.com/science/article/pii/S1046202316302912",
author = "Holger Hennig and Paul Rees and Thomas Blasi and Lee Kamentsky and Jane Hung and David Dao and Anne E. Carpenter and Andrew Filby",
keywords = "Imaging flow cytometry, Machine learning, Open-source software, High-throughput, Feature selection, Profiling"
}
@article{MAGDALENO2012351,
title = "Reconciling software development models: A quasi-systematic review",
journal = "Journal of Systems and Software",
volume = "85",
number = "2",
pages = "351 - 369",
year = "2012",
note = "Special issue with selected papers from the 23rd Brazilian Symposium on Software Engineering",
issn = "0164-1212",
doi = "https://doi.org/10.1016/j.jss.2011.08.028",
url = "http://www.sciencedirect.com/science/article/pii/S0164121211002287",
author = "Andréa Magalhães Magdaleno and Cláudia Maria Lima Werner and Renata Mendes de Araujo",
keywords = "Systematic review, Software process, Reconciliation among development models, Plan-driven, Agile, Free/open source software"
}
@article{HASAN2011417,
title = "An integrated approach of MAS-CommonKADS, Model–View–Controller and web application optimization strategies for web-based expert system development",
journal = "Expert Systems with Applications",
volume = "38",
number = "1",
pages = "417 - 428",
year = "2011",
issn = "0957-4174",
doi = "https://doi.org/10.1016/j.eswa.2010.06.080",
url = "http://www.sciencedirect.com/science/article/pii/S0957417410005841",
author = "S.S. Hasan and R.K. Isaac",
keywords = "Agent, Expert system, Web application, Model–View–Controller, Web usability"
}
@article{CHABOT2014S95,
title = "A complete formalized knowledge representation model for advanced digital forensics timeline analysis",
journal = "Digital Investigation",
volume = "11",
pages = "S95 - S105",
year = "2014",
note = "Fourteenth Annual DFRWS Conference",
issn = "1742-2876",
doi = "https://doi.org/10.1016/j.diin.2014.05.009",
url = "http://www.sciencedirect.com/science/article/pii/S1742287614000528",
author = "Yoan Chabot and Aurélie Bertaux and Christophe Nicolle and M-Tahar Kechadi",
keywords = "Digital forensics, Timeline analysis, Event reconstruction, Knowledge management, Ontology"
}
@article{GARCIAMAGARINO20155287,
title = "ABSTUR: An Agent-based Simulator for Tourist Urban Routes",
journal = "Expert Systems with Applications",
volume = "42",
number = "12",
pages = "5287 - 5302",
year = "2015",
issn = "0957-4174",
doi = "https://doi.org/10.1016/j.eswa.2015.02.023",
url = "http://www.sciencedirect.com/science/article/pii/S0957417415001220",
author = "Iván García-Magariño",
keywords = "Agent-oriented software engineering, Ingenias, Multi-agent system, Simulation, Tourism"
}
@article{VANAMSTEL1998211,
title = "The group education and training: IT's basic courses in Philips",
journal = "Information and Software Technology",
volume = "40",
number = "4",
pages = "211 - 219",
year = "1998",
issn = "0950-5849",
doi = "https://doi.org/10.1016/S0950-5849(98)00041-X",
url = "http://www.sciencedirect.com/science/article/pii/S095058499800041X",
author = "Jan J van Amstel",
keywords = "Education and training"
}
@article{MUJUMDAR2018321,
title = "Design iteration in construction projects – Review and directions",
journal = "Alexandria Engineering Journal",
volume = "57",
number = "1",
pages = "321 - 329",
year = "2018",
issn = "1110-0168",
doi = "https://doi.org/10.1016/j.aej.2016.12.004",
url = "http://www.sciencedirect.com/science/article/pii/S1110016816303210",
author = "Purva Mujumdar and J. Uma Maheswari",
keywords = "Design iteration, Types of iteration, Causes and impact of iteration, Models of iteration, Execution strategies of iteration"
}
@article{BARRA201634,
title = "Early knowledge organization assisted by aspects",
journal = "Science of Computer Programming",
volume = "121",
pages = "34 - 54",
year = "2016",
note = "Special Issue on Knowledge-based Software Engineering",
issn = "0167-6423",
doi = "https://doi.org/10.1016/j.scico.2015.07.007",
url = "http://www.sciencedirect.com/science/article/pii/S0167642315001410",
author = "Eduardo Barra and Jorge Morato",
keywords = "Advanced separation of concerns, Aspect oriented programming, Ontologies, Early aspects, Requirements engineering"
}
@article{HAINEY201121,
title = "Evaluation of a game to teach requirements collection and analysis in software engineering at tertiary education level",
journal = "Computers & Education",
volume = "56",
number = "1",
pages = "21 - 35",
year = "2011",
note = "Serious Games",
issn = "0360-1315",
doi = "https://doi.org/10.1016/j.compedu.2010.09.008",
url = "http://www.sciencedirect.com/science/article/pii/S0360131510002605",
author = "Thomas Hainey and Thomas M. Connolly and Mark Stansfield and Elizabeth A. Boyle",
keywords = "Games-based learning, Software engineering, Requirements collection and analysis, Evaluation, Pedagogy"
}
@article{MOE2012853,
title = "Challenges of shared decision-making: A multiple case study of agile software development",
journal = "Information and Software Technology",
volume = "54",
number = "8",
pages = "853 - 865",
year = "2012",
note = "Special Issue: Voice of the Editorial Board",
issn = "0950-5849",
doi = "https://doi.org/10.1016/j.infsof.2011.11.006",
url = "http://www.sciencedirect.com/science/article/pii/S0950584911002308",
author = "Nils Brede Moe and Aybüke Aurum and Tore Dybå",
keywords = "Agile software development, Scrum, Decision-making, Self-management, Alignment, Teamwork"
}
@article{WEINREICH2015145,
title = "An expert survey on kinds, influence factors and documentation of design decisions in practice",
journal = "Future Generation Computer Systems",
volume = "47",
pages = "145 - 160",
year = "2015",
note = "Special Section: Advanced Architectures for the Future Generation of Software-Intensive Systems",
issn = "0167-739X",
doi = "https://doi.org/10.1016/j.future.2014.12.002",
url = "http://www.sciencedirect.com/science/article/pii/S0167739X14002556",
author = "Rainer Weinreich and Iris Groher and Cornelia Miesbauer",
keywords = "Software architecture knowledge management, Design decisions, Design decision classification, Design decision influence factors, Design decision documentation"
}
@article{BJORNSON20081055,
title = "Knowledge management in software engineering: A systematic review of studied concepts, findings and research methods used",
journal = "Information and Software Technology",
volume = "50",
number = "11",
pages = "1055 - 1068",
year = "2008",
issn = "0950-5849",
doi = "https://doi.org/10.1016/j.infsof.2008.03.006",
url = "http://www.sciencedirect.com/science/article/pii/S0950584908000487",
author = "Finn Olav Bjørnson and Torgeir Dingsøyr",
keywords = "Software engineering, Knowledge management, Learning software organization, Software process improvement, Systematic review"
}