@article{THIRY20088449,
title = "Functional (Meta)Models for the Development of Control Software",
journal = "IFAC Proceedings Volumes",
volume = "41",
number = "2",
pages = "8449 - 8454",
year = "2008",
note = "17th IFAC World Congress",
issn = "1474-6670",
doi = "https://doi.org/10.3182/20080706-5-KR-1001.01428",
url = "http://www.sciencedirect.com/science/article/pii/S1474667016403083",
author = "Laurent Thiry and Bernard Thirion",
keywords = "Software engineering, (Meta)Modeling, Programming approach"
}
@article{GALDRAN2018,
title = "Image Dehazing by Artificial Multiple-Exposure Image Fusion",
journal = "Signal Processing",
year = "2018",
issn = "0165-1684",
doi = "https://doi.org/10.1016/j.sigpro.2018.03.008",
url = "http://www.sciencedirect.com/science/article/pii/S0165168418301063",
author = "A. Galdran",
keywords = "Image Dehazing, Fog Removal, Multi-Exposure Image Fusion, Gamma Correction, Image Fusion, Laplacian Pyramid"
}
@article{BAFANDEHMAYVAN2017211,
title = "Design pattern detection based on the graph theory",
journal = "Knowledge-Based Systems",
volume = "120",
pages = "211 - 225",
year = "2017",
issn = "0950-7051",
doi = "https://doi.org/10.1016/j.knosys.2017.01.007",
url = "http://www.sciencedirect.com/science/article/pii/S0950705117300084",
author = "Bahareh Bafandeh Mayvan and Abbas Rasoolzadegan",
keywords = "Design pattern detection, Pattern signature, Graph theory, Semantic graph"
}
@incollection{BISWAS201467,
title = "Chapter 3 - Technology Basics—An Introduction",
editor = "Kamal Biswas",
booktitle = "Pharma's Prescription",
publisher = "Academic Press",
address = "San Diego",
pages = "67 - 93",
year = "2014",
isbn = "978-0-12-407662-4",
doi = "https://doi.org/10.1016/B978-0-12-407662-4.00003-9",
url = "http://www.sciencedirect.com/science/article/pii/B9780124076624000039",
author = "Kamal Biswas",
keywords = "pharmaceutical IT compliance, computer system, Agile development, software development life cycle (SDLC), custom development technology, database, electronic record, IT application, IT system, software development, computer system validation (CSV), 21 CFR Part 11, electronic signature, open and closed IT systems, URS, FS, IQ, OQ, PQ, validation plan, V-Model of validation, validation report, pharmaceutical regulated IT, pharmaceutical software development life cycle, Web-based system, system architecture, desktop application, IT support and maintenance, IT shared services, software build and test, UAT, waterfall method"
}
@article{CONEIN2008331,
title = "Les usages épistémiques des réseaux de communication électronique : Le cas de l’Open-Source",
journal = "Sociologie du Travail",
volume = "50",
number = "3",
pages = "331 - 352",
year = "2008",
issn = "0038-0296",
doi = "https://doi.org/10.1016/j.soctra.2008.06.004",
url = "http://www.sciencedirect.com/science/article/pii/S0038029608000666",
author = "Bernard Conein and Matthieu Latapy",
keywords = "Cognition distribuée, Réseaux épistémiques, Interaction, Internet, Fils de discussion, Logiciel libre, Communautés , Distributed cognition, Epistemic networks, Interaction, Internet, Discussion threads/forums, Free software, Open-Source communities"
}
@article{HOGGER1987308,
title = "PROLOG and software engineering",
journal = "Microprocessors and Microsystems",
volume = "11",
number = "6",
pages = "308 - 318",
year = "1987",
issn = "0141-9331",
doi = "https://doi.org/10.1016/0141-9331(87)90475-3",
url = "http://www.sciencedirect.com/science/article/pii/0141933187904753",
author = "Christopher Hogger",
keywords = "high-level languages, , software engineering"
}
@article{WIELAND201344,
title = "Dynamic fuzzy models in agroecosystem modeling",
journal = "Environmental Modelling & Software",
volume = "46",
pages = "44 - 49",
year = "2013",
issn = "1364-8152",
doi = "https://doi.org/10.1016/j.envsoft.2013.02.006",
url = "http://www.sciencedirect.com/science/article/pii/S1364815213000467",
author = "Ralf Wieland and Wilfried Mirschel and Claas Nendel and Xenia Specka",
keywords = "Fuzzy modeling, Agro-ecosystem modeling, Climate change, SAMT"
}
@article{GARTNER1990139,
title = "Work = Research?",
journal = "IFAC Proceedings Volumes",
volume = "23",
number = "7",
pages = "139 - 143",
year = "1990",
note = "IFAC/IFIP/IMACS Symposium on skill Based Automated Production, Vienna, Austria, 15-17 November",
issn = "1474-6670",
doi = "https://doi.org/10.1016/S1474-6670(17)52149-7",
url = "http://www.sciencedirect.com/science/article/pii/S1474667017521497",
author = "J. Gärtner",
keywords = "Software development, technological forecasting, software engineering, human factors, knowledge engineering, artificial intelligence, economics"
}
@article{CHIHADA2015357,
title = "Source code and design conformance, design pattern detection from source code by classification approach",
journal = "Applied Soft Computing",
volume = "26",
pages = "357 - 367",
year = "2015",
issn = "1568-4946",
doi = "https://doi.org/10.1016/j.asoc.2014.10.027",
url = "http://www.sciencedirect.com/science/article/pii/S1568494614005389",
author = "Abdullah Chihada and Saeed Jalili and Seyed Mohammad Hossein Hasheminejad and Mohammad Hossein Zangooei",
keywords = "Design pattern detection, Machine learning, Support vector machine, Object-oriented metrics"
}
@article{HANNAY20091110,
title = "The effectiveness of pair programming: A meta-analysis",
journal = "Information and Software Technology",
volume = "51",
number = "7",
pages = "1110 - 1122",
year = "2009",
note = "Special Section: Software Engineering for Secure Systems",
issn = "0950-5849",
doi = "https://doi.org/10.1016/j.infsof.2009.02.001",
url = "http://www.sciencedirect.com/science/article/pii/S0950584909000123",
author = "Jo E. Hannay and Tore Dybå and Erik Arisholm and Dag I.K. Sjøberg",
keywords = "Pair programming, Evidence-based software engineering, Systematic review, Meta-analysis, Fixed effects, Random effects"
}
@article{NIES2010e76,
title = "From users involvement to users’ needs understanding: A case study",
journal = "International Journal of Medical Informatics",
volume = "79",
number = "4",
pages = "e76 - e82",
year = "2010",
note = "Human Factors Engineering for Healthcare Applications Special Issue",
issn = "1386-5056",
doi = "https://doi.org/10.1016/j.ijmedinf.2009.06.007",
url = "http://www.sciencedirect.com/science/article/pii/S138650560900104X",
author = "Julie Niès and Sylvia Pelayo",
keywords = "Human factors engineering, Computerized physician order entry systems, User-centred approach"
}
@incollection{BURGESS2008567,
title = "5.2 - On the Complexity of Change and Configuration Management",
editor = "Jan Bergstra and Mark Burgess",
booktitle = "Handbook of Network and System Administration",
publisher = "Elsevier",
address = "Amsterdam",
pages = "567 - 622",
year = "2008",
isbn = "978-0-444-52198-9",
doi = "https://doi.org/10.1016/B978-044452198-9.50024-0",
url = "http://www.sciencedirect.com/science/article/pii/B9780444521989500240",
author = "Mark Burgess and Lars Kristiansen"
}
@article{RIVERO2004799,
title = "A framework for complex skill generation",
journal = "IFAC Proceedings Volumes",
volume = "37",
number = "8",
pages = "799 - 804",
year = "2004",
note = "IFAC/EURON Symposium on Intelligent Autonomous Vehicles, Lisbon, Portugal, 5-7 July 2004",
issn = "1474-6670",
doi = "https://doi.org/10.1016/S1474-6670(17)32078-5",
url = "http://www.sciencedirect.com/science/article/pii/S1474667017320785",
author = "D.M. Rivero and R. Barber and F.J. Rodriguez and M.A. Salichs",
keywords = "Mobile Robots, Software Architecture, Skill Sequencer, Software Framework"
}
@article{MI1996313,
title = "A meta-model for formulating knowledge-based models of software development",
journal = "Decision Support Systems",
volume = "17",
number = "4",
pages = "313 - 330",
year = "1996",
note = "DSS on Model Formulation",
issn = "0167-9236",
doi = "https://doi.org/10.1016/0167-9236(96)00007-3",
url = "http://www.sciencedirect.com/science/article/pii/0167923696000073",
author = "Peiwei Mi and Walt Scacchi",
keywords = "Meta-modeling model composition, Software process modeling, Knowledge-based modelling, Knowledge-based models of software development"
}
@article{YUSUF201739,
title = "Chiminey: Connecting Scientists to HPC, Cloud and Big Data",
journal = "Big Data Research",
volume = "8",
pages = "39 - 49",
year = "2017",
note = "Tutorials on Tools and Methods using High Performance Computing resources for Big Data",
issn = "2214-5796",
doi = "https://doi.org/10.1016/j.bdr.2017.01.004",
url = "http://www.sciencedirect.com/science/article/pii/S2214579616300417",
author = "Iman I. Yusuf and Ian E. Thomas and Maria Spichkova and Heinz W. Schmidt",
keywords = "Big data, Cloud, eScience, High performance computing, Parallel processing, Simulation"
}
@article{NOURANI199937,
title = "Multiagent AI implementations an emerging software engineering trend",
journal = "Engineering Applications of Artificial Intelligence",
volume = "12",
number = "1",
pages = "37 - 42",
year = "1999",
issn = "0952-1976",
doi = "https://doi.org/10.1016/S0952-1976(98)00042-6",
url = "http://www.sciencedirect.com/science/article/pii/S0952197698000426",
author = "C.F. Nourani",
keywords = "Concurrent software engineering with AI agents, Multi-agent AI techniques, Abstract multiagent AI design, Agent morphisms"
}
@article{GILLAN1992587,
title = "Network and multidimensional representations of the declarative knowledge of human-computer interface design experts",
journal = "International Journal of Man-Machine Studies",
volume = "36",
number = "4",
pages = "587 - 615",
year = "1992",
issn = "0020-7373",
doi = "https://doi.org/10.1016/0020-7373(92)90098-6",
url = "http://www.sciencedirect.com/science/article/pii/0020737392900986",
author = "Douglas J. Gillan and Sarah D. Breedin and Nancy J. Cooke"
}
@incollection{YANG201669,
title = "Chapter 6 - Evolving Digital Library and Library Digitization",
editor = "Sharon Q. Yang and Lili Li",
booktitle = "Emerging Technologies for Librarians",
publisher = "Chandos Publishing",
pages = "69 - 102",
year = "2016",
isbn = "978-1-84334-788-0",
doi = "https://doi.org/10.1016/B978-1-84334-788-0.00006-9",
url = "http://www.sciencedirect.com/science/article/pii/B9781843347880000069",
author = "Sharon Q. Yang and Lili Li",
keywords = "Digital acquisition and collection development, Digital asset management, Digital content management, Digital library, Digital revolution, Format, Institutional repository, Library digitization, Open access, Open source, Open source software"
}
@article{BASTIANINI2014277,
title = "SCOPRISM: A new algorithm for automatic sleep scoring in mice",
journal = "Journal of Neuroscience Methods",
volume = "235",
pages = "277 - 284",
year = "2014",
issn = "0165-0270",
doi = "https://doi.org/10.1016/j.jneumeth.2014.07.018",
url = "http://www.sciencedirect.com/science/article/pii/S0165027014002696",
author = "Stefano Bastianini and Chiara Berteotti and Alessandro Gabrielli and Flavia Del Vecchio and Roberto Amici and Chloe Alexandre and Thomas E. Scammell and Mary Gazea and Mayumi Kimura and Viviana Lo Martire and Alessandro Silvani and Giovanna Zoccoli",
keywords = "Sleep, Scoring, Validation, Mice, Rat, Narcolepsy"
}
@article{FATTORI201612,
title = "Proposing an open-source model for unconventional participation to energy planning",
journal = "Energy Research & Social Science",
volume = "15",
pages = "12 - 33",
year = "2016",
issn = "2214-6296",
doi = "https://doi.org/10.1016/j.erss.2016.02.005",
url = "http://www.sciencedirect.com/science/article/pii/S2214629616300160",
author = "Fabrizio Fattori and Davide Albini and Norma Anglani",
keywords = "Energy policy, Energy system model, Lombardy, OSeMOSYS, Citizens participation, MELiSsa"
}
@article{GUERRA2008399,
title = "Visual specification of measurements and redesigns for domain specific visual languages",
journal = "Journal of Visual Languages & Computing",
volume = "19",
number = "3",
pages = "399 - 425",
year = "2008",
issn = "1045-926X",
doi = "https://doi.org/10.1016/j.jvlc.2007.09.002",
url = "http://www.sciencedirect.com/science/article/pii/S1045926X07000675",
author = "Esther Guerra and Juan de Lara and Paloma Díaz",
keywords = "Domain specific visual language, Meta-modelling, Measurement, Redesign, Graph transformation, Graphical pattern"
}
@incollection{ROSSON2002341,
title = "Chapter 10 - Usability Engineering in Practice",
editor = "Mary Beth Rosson and John M. Carroll",
booktitle = "Usability Engineering",
publisher = "Morgan Kaufmann",
address = "San Francisco",
pages = "341 - 362",
year = "2002",
series = "Interactive Technologies",
isbn = "978-1-55860-712-5",
doi = "https://doi.org/10.1016/B978-155860712-5/50011-4",
url = "http://www.sciencedirect.com/science/article/pii/B9781558607125500114",
author = "Mary Beth Rosson and John M. Carroll"
}
@article{BETZ2018170,
title = "Delineation of the riparian zone in data-scarce regions using fuzzy membership functions: An evaluation based on the case of the Naryn River in Kyrgyzstan",
journal = "Geomorphology",
volume = "306",
pages = "170 - 181",
year = "2018",
issn = "0169-555X",
doi = "https://doi.org/10.1016/j.geomorph.2018.01.024",
url = "http://www.sciencedirect.com/science/article/pii/S0169555X18300382",
author = "Florian Betz and Magdalena Lauermann and Bernd Cyffka",
keywords = "Riparian zone, Channel network, Fuzzy membership function, Naryn River"
}
@article{GKATZOFLIAS201321,
title = "Development of a web GIS application for emissions inventory spatial allocation based on open source software tools",
journal = "Computers & Geosciences",
volume = "52",
pages = "21 - 33",
year = "2013",
issn = "0098-3004",
doi = "https://doi.org/10.1016/j.cageo.2012.10.011",
url = "http://www.sciencedirect.com/science/article/pii/S0098300412003512",
author = "Dimitrios Gkatzoflias and Giorgos Mellios and Zissis Samaras",
keywords = "Open source software tools, Geographical information systems, Emissions inventory, Spatial allocation, Background processes, Web map service"
}
@article{YUMOTO2013551,
title = "A Test Analysis Method for Black Box Testing Using AUT and Fault Knowledge",
journal = "Procedia Computer Science",
volume = "22",
pages = "551 - 560",
year = "2013",
note = "17th International Conference in Knowledge Based and Intelligent Information and Engineering Systems - KES2013",
issn = "1877-0509",
doi = "https://doi.org/10.1016/j.procs.2013.09.135",
url = "http://www.sciencedirect.com/science/article/pii/S1877050913009289",
author = "Tsuyoshi Yumoto and Toru Matsuodani and Kazuhiko Tsuda",
keywords = "Software testing, Test Analysis, Test condition, Test category"
}
@article{WILLEMS201778,
title = "Proceedings of the EuBIC Winter School 2017",
journal = "Journal of Proteomics",
volume = "161",
pages = "78 - 80",
year = "2017",
issn = "1874-3919",
doi = "https://doi.org/10.1016/j.jprot.2017.04.001",
url = "http://www.sciencedirect.com/science/article/pii/S1874391917301203",
author = "Sander Willems and David Bouyssié and Matthieu David and Marie Locard-Paulet and Karl Mechtler and Veit Schwämmle and Julian Uszkoreit and Marc Vaudel and Viktoria Dorfer",
keywords = "Bioinformatics, Proteomics, Mass spectrometry, Winter School"
}
@article{LESAFFRE2000447,
title = "Systèmes d'aide à la conduite des procédés industriels",
journal = "Mécanique & Industries",
volume = "1",
number = "5",
pages = "447 - 455",
year = "2000",
issn = "1296-2139",
url = "http://www.sciencedirect.com/science/article/pii/S1296213900010563",
author = "François-Marie Lesaffre and Claude Thirion and Laurent Baudouin",
keywords = "process control, knowledge management, framework, ingénierie de connaissance, process control, knowledge management, framework, knowledge engineering"
}
@article{SCHNEIDEREIT2017472,
title = "Step-by-step guide to building an inexpensive 3D printed motorized positioning stage for automated high-content screening microscopy",
journal = "Biosensors and Bioelectronics",
volume = "92",
pages = "472 - 481",
year = "2017",
issn = "0956-5663",
doi = "https://doi.org/10.1016/j.bios.2016.10.078",
url = "http://www.sciencedirect.com/science/article/pii/S095656631631106X",
author = "Dominik Schneidereit and Larissa Kraus and Jochen C. Meier and Oliver Friedrich and Daniel F. Gilbert",
keywords = "3D desktop printing, Arduino, High-content screening, Cell viability, YFPI152L, Glycine receptor, TRPV1, Fluo-4 AM"
}
@article{WEISS197957,
title = "Evaluating software development by error analysis: The data from the Architecture Research Facility",
journal = "Journal of Systems and Software",
volume = "1",
pages = "57 - 70",
year = "1979",
issn = "0164-1212",
doi = "https://doi.org/10.1016/0164-1212(79)90005-0",
url = "http://www.sciencedirect.com/science/article/pii/0164121279900050",
author = "David M. Weiss"
}
@article{BACVANSKI199422,
title = "A Model for Integration of Knowledge-Based Components in Existing Process Control Systems",
journal = "IFAC Proceedings Volumes",
volume = "27",
number = "10",
pages = "22 - 27",
year = "1994",
note = "2nd IFAC Workshop on Computer Software Structures Integrating AI/KBS Systems in Process Control, Lund, Sweden, August 10-12, 1994",
issn = "1474-6670",
doi = "https://doi.org/10.1016/S1474-6670(17)45841-1",
url = "http://www.sciencedirect.com/science/article/pii/S1474667017458411",
author = "V. Bacvanski",
keywords = "Knowledge engineering, expert systems, software engineering, programming languages, process control"
}
@article{CAMPUZANO2014259,
title = "Generation of human computational models with knowledge engineering",
journal = "Engineering Applications of Artificial Intelligence",
volume = "35",
pages = "259 - 276",
year = "2014",
issn = "0952-1976",
doi = "https://doi.org/10.1016/j.engappai.2014.06.027",
url = "http://www.sciencedirect.com/science/article/pii/S0952197614001687",
author = "Francisco Campuzano and Teresa Garcia-Valverde and Emilio Serrano and Juan A. Botía",
keywords = "Ambient intelligence systems engineering, Smart environments fast prototyping and testing, Computational models of humans, Knowledge acquisition, Agent-based social simulation"
}
@article{LAUBER19871,
title = "Integration of Development and Management Support Environments",
journal = "IFAC Proceedings Volumes",
volume = "20",
number = "5, Part 4",
pages = "1 - 8",
year = "1987",
note = "10th Triennial IFAC Congress on Automatic Control - 1987 Volume IV, Munich, Germany, 27-31 July",
issn = "1474-6670",
doi = "https://doi.org/10.1016/S1474-6670(17)55284-2",
url = "http://www.sciencedirect.com/science/article/pii/S1474667017552842",
author = "R.J. Lauber",
keywords = "Software engineering, information engineering, software/hardware design, project management, configuration management, development support systems, integrated project support environments, knowledge-based support systems, EPOS"
}
@article{LEAMAN201528,
title = "Challenges in clinical natural language processing for automated disorder normalization",
journal = "Journal of Biomedical Informatics",
volume = "57",
pages = "28 - 37",
year = "2015",
issn = "1532-0464",
doi = "https://doi.org/10.1016/j.jbi.2015.07.010",
url = "http://www.sciencedirect.com/science/article/pii/S1532046415001501",
author = "Robert Leaman and Ritu Khare and Zhiyong Lu",
keywords = "Natural language processing, Electronic health records, Information extraction"
}
@article{CHANG201658,
title = "Primer for Image Informatics in Personalized Medicine",
journal = "Procedia Engineering",
volume = "159",
pages = "58 - 65",
year = "2016",
note = "Humanitarian Technology: Science, Systems and Global Impact 2016, HumTech2016",
issn = "1877-7058",
doi = "https://doi.org/10.1016/j.proeng.2016.08.064",
url = "http://www.sciencedirect.com/science/article/pii/S1877705816322068",
author = "Young Hwan Chang and Patrick Foley and Vahid Azimi and Rohan Borkar and Jonathan Lefman",
keywords = "bioinformatics, image analytics, image informatics, personalized medicine"
}
@article{LIANG2012731,
title = "The impact of value diversity on information system development projects",
journal = "International Journal of Project Management",
volume = "30",
number = "6",
pages = "731 - 739",
year = "2012",
note = "European Academy of Management (EURAM 2011) Conference",
issn = "0263-7863",
doi = "https://doi.org/10.1016/j.ijproman.2011.11.006",
url = "http://www.sciencedirect.com/science/article/pii/S0263786311001529",
author = "Ting-Peng Liang and Jason Chia-Hsien Wu and James J. Jiang and Gary Klein",
keywords = "Value diversity, Conflict, Project teams, Software development projects, Project management"
}
@article{CHOU2012967,
title = "Forecasting enterprise resource planning software effort using evolutionary support vector machine inference model",
journal = "International Journal of Project Management",
volume = "30",
number = "8",
pages = "967 - 977",
year = "2012",
issn = "0263-7863",
doi = "https://doi.org/10.1016/j.ijproman.2012.02.003",
url = "http://www.sciencedirect.com/science/article/pii/S0263786312000312",
author = "Jui-Sheng Chou and Min-Yuan Cheng and Yu-Wei Wu and Cheng-Chieh Wu",
keywords = "Enterprise resource planning, Software effort prediction, Project management, Hybrid intelligence"
}
@article{KLINT2002141,
title = "Enabling the creation of knowledge about software assets",
journal = "Data & Knowledge Engineering",
volume = "41",
number = "2",
pages = "141 - 158",
year = "2002",
issn = "0169-023X",
doi = "https://doi.org/10.1016/S0169-023X(02)00038-1",
url = "http://www.sciencedirect.com/science/article/pii/S0169023X02000381",
author = "Paul Klint and Chris Verhoef",
keywords = "Knowledge management, Knowledge creation, Software asset management, Software engineering, Software maintenance, Software renovation"
}
@article{TAMMINGA2014788,
title = "Open Traffic: A Toolbox for Traffic Research",
journal = "Procedia Computer Science",
volume = "32",
pages = "788 - 795",
year = "2014",
note = "The 5th International Conference on Ambient Systems, Networks and Technologies (ANT-2014), the 4th International Conference on Sustainable Energy Information Technology (SEIT-2014)",
issn = "1877-0509",
doi = "https://doi.org/10.1016/j.procs.2014.05.492",
url = "http://www.sciencedirect.com/science/article/pii/S1877050914006929",
author = "G. Tamminga and P. Knoppers and J.W.C. van Lint",
keywords = "transport model, simulation, open source"
}
@article{MORASCA2000225,
title = "A hybrid approach to analyze empirical software engineering data and its application to predict module fault-proneness in maintenance",
journal = "Journal of Systems and Software",
volume = "53",
number = "3",
pages = "225 - 237",
year = "2000",
issn = "0164-1212",
doi = "https://doi.org/10.1016/S0164-1212(00)00014-5",
url = "http://www.sciencedirect.com/science/article/pii/S0164121200000145",
author = "Sandro Morasca and Günther Ruhe",
keywords = "Knowledge discovery, Hybrid approach, Rough sets, Logistic regression, Empirical case studies, Experience factory, Fault-proneness, Software maintenance"
}
@article{LI2017113,
title = "Multi-scenario optimization approach for assessing the impacts of advanced traffic information under realistic stochastic capacity distributions",
journal = "Transportation Research Part C: Emerging Technologies",
volume = "77",
pages = "113 - 133",
year = "2017",
issn = "0968-090X",
doi = "https://doi.org/10.1016/j.trc.2017.01.019",
url = "http://www.sciencedirect.com/science/article/pii/S0968090X17300268",
author = "Mingxin Li and Nagui M. Rouphail and Monirehalsadat Mahmoudi and Jiangtao Liu and Xuesong Zhou",
keywords = "Stochastic road capacity, Traffic assignment, Travel time variability, Value of dynamic traveler information, Risk-sensitive route choice behavior"
}
@article{MARTINEZTORRES200879,
title = "ESTUDIO Y ANÁLISIS DE LAS LISTAS DE DISTRIBUCIÓN EN PROYECTOS DE SOFTWARE DE CÓDIGO ABIERTO COMO MEDIO PARA COMPARTIR CONOCIMIENTO",
journal = "Investigaciones Europeas de Dirección y Economía de la Empresa",
volume = "14",
number = "3",
pages = "79 - 90",
year = "2008",
issn = "1135-2523",
doi = "https://doi.org/10.1016/S1135-2523(12)60068-9",
url = "http://www.sciencedirect.com/science/article/pii/S1135252312600689",
author = "M.R. Martínez Torres and S.L. Toral Marín and F.J. Barrero García",
keywords = "Software de Código Abierto, Listas de Distribución, Linux embebido, Análisis Factor, Sistemas de Información, Open Source Software, Mailing Lists, Embedded Linux, Factor Analysis, Information Systems"
}
@article{GAUSEMEIER2011772,
title = "Integrative development of product and production system for mechatronic products",
journal = "Robotics and Computer-Integrated Manufacturing",
volume = "27",
number = "4",
pages = "772 - 778",
year = "2011",
note = "Conference papers of Flexible Automation and Intelligent Manufacturing",
issn = "0736-5845",
doi = "https://doi.org/10.1016/j.rcim.2011.02.005",
url = "http://www.sciencedirect.com/science/article/pii/S0736584511000366",
author = "J. Gausemeier and R. Dumitrescu and S. Kahl and D. Nordsiek",
keywords = "Integrative development, Procedure model, Specification technique, Product engineering, Molded interconnect devices"
}
@article{PATEL201562,
title = "Enabling high-level application development for the Internet of Things",
journal = "Journal of Systems and Software",
volume = "103",
pages = "62 - 84",
year = "2015",
issn = "0164-1212",
doi = "https://doi.org/10.1016/j.jss.2015.01.027",
url = "http://www.sciencedirect.com/science/article/pii/S0164121215000187",
author = "Pankesh Patel and Damien Cassou",
keywords = "Internet of Things, Domain-specific languages, Development life-cycle"
}
@article{TORCHIANO201171,
title = "Migration of information systems in the Italian industry: A state of the practice survey",
journal = "Information and Software Technology",
volume = "53",
number = "1",
pages = "71 - 86",
year = "2011",
issn = "0950-5849",
doi = "https://doi.org/10.1016/j.infsof.2010.08.002",
url = "http://www.sciencedirect.com/science/article/pii/S0950584910001515",
author = "Marco Torchiano and Massimiliano Di Penta and Filippo Ricca and Andrea De Lucia and Filippo Lanubile",
keywords = "Industrial survey, Migration projects, Migration tools"
}
@incollection{NIKRAZ20051585,
title = "An agent-oriented approach to integrated process operations in chemical plants",
editor = "Luis Puigjaner and Antonio Espuña",
series = "Computer Aided Chemical Engineering",
publisher = "Elsevier",
volume = "20",
pages = "1585 - 1590",
year = "2005",
booktitle = "European Symposium on Computer-Aided Process Engineering-15, 38th European Symposium of the Working Party on Computer Aided Process Engineering",
issn = "1570-7946",
doi = "https://doi.org/10.1016/S1570-7946(05)80106-3",
url = "http://www.sciencedirect.com/science/article/pii/S1570794605801063",
author = "Magid Nikraz and Parisa A. Bahri",
keywords = "integration, agent, chemical process plant"
}
@article{MANJARRES2002113,
title = "Knowledge model reuse: therapy decision through specialisation of a generic decision model",
journal = "Expert Systems with Applications",
volume = "23",
number = "2",
pages = "113 - 135",
year = "2002",
issn = "0957-4174",
doi = "https://doi.org/10.1016/S0957-4174(02)00031-3",
url = "http://www.sciencedirect.com/science/article/pii/S0957417402000313",
author = "Ángeles Manjarrés and Simon Pickin and José Mira",
keywords = "AI software development methodologies, Generic task and method libraries, Reuse, Therapy decision systems"
}
@article{HUYCK20159,
title = "A comparison of simple agents implemented in simulated neurons",
journal = "Biologically Inspired Cognitive Architectures",
volume = "12",
pages = "9 - 19",
year = "2015",
issn = "2212-683X",
doi = "https://doi.org/10.1016/j.bica.2015.03.001",
url = "http://www.sciencedirect.com/science/article/pii/S2212683X15000080",
author = "Christian Huyck and Carl Evans and Ian Mitchell",
keywords = "Cell Assembly, PyNN, Embodied agent, Neural simulation"
}
@article{MCAVOY2007552,
title = "The impact of the Abilene Paradox on double-loop learning in an agile team",
journal = "Information and Software Technology",
volume = "49",
number = "6",
pages = "552 - 563",
year = "2007",
note = "Qualitative Software Engineering Research",
issn = "0950-5849",
doi = "https://doi.org/10.1016/j.infsof.2007.02.012",
url = "http://www.sciencedirect.com/science/article/pii/S0950584907000146",
author = "John McAvoy and Tom Butler",
keywords = "XP adoption, Triple-loop learning, Social factors, Qualitative approach, Participant observation"
}
@incollection{KEYES200651,
title = " - “Letting physicists be physicists,” and other goals of scalable solver research",
editor = "Anil Deane and Akin Ecer and James McDonough and Nobuyuki Satofuka and Gunther Brenner and David R. Emerson and Jacques Periaux and Damien Tromeur-Dervout",
booktitle = "Parallel Computational Fluid Dynamics 2005",
publisher = "Elsevier",
address = "Amsterdam",
pages = "51 - 75",
year = "2006",
isbn = "978-0-444-52206-1",
doi = "https://doi.org/10.1016/B978-044452206-1/50007-0",
url = "http://www.sciencedirect.com/science/article/pii/B9780444522061500070",
author = "David E. Keyes"
}
@article{SOLOZHENTSEV1991205,
title = "Intelligent programs and methodological procedures for debugging of the complex machines",
journal = "Artificial Intelligence in Engineering",
volume = "6",
number = "4",
pages = "205 - 208",
year = "1991",
issn = "0954-1810",
doi = "https://doi.org/10.1016/0954-1810(91)90025-J",
url = "http://www.sciencedirect.com/science/article/pii/095418109190025J",
author = "E.D. Solozhentsev and I.A. Korobitsin"
}
@article{HODA2016245,
title = "Multi-level agile project management challenges: A self-organizing team perspective",
journal = "Journal of Systems and Software",
volume = "117",
pages = "245 - 257",
year = "2016",
issn = "0164-1212",
doi = "https://doi.org/10.1016/j.jss.2016.02.049",
url = "http://www.sciencedirect.com/science/article/pii/S0164121216000807",
author = "Rashina Hoda and Latha K. Murugesan",
keywords = "Agile software development, Project management, Self-organizing teams"
}
@article{ZHANG20072,
title = "Toward an automated parallel computing environment for geosciences",
journal = "Physics of the Earth and Planetary Interiors",
volume = "163",
number = "1",
pages = "2 - 22",
year = "2007",
note = "Computational Challenges in the Earth Sciences",
issn = "0031-9201",
doi = "https://doi.org/10.1016/j.pepi.2007.05.008",
url = "http://www.sciencedirect.com/science/article/pii/S0031920107001057",
author = "Huai Zhang and Mian Liu and Yaolin Shi and David A. Yuen and Zhenzhen Yan and Guoping Liang",
keywords = "Parallel computing, Finite element method, Geodynamics, Cyber-infrastructure, GEON"
}
@article{HUANG2009182,
title = "Empirical investigation towards the effectiveness of Test First programming",
journal = "Information and Software Technology",
volume = "51",
number = "1",
pages = "182 - 194",
year = "2009",
note = "Special Section - Most Cited Articles in 2002 and Regular Research Papers",
issn = "0950-5849",
doi = "https://doi.org/10.1016/j.infsof.2008.03.007",
url = "http://www.sciencedirect.com/science/article/pii/S0950584908000517",
author = "Liang Huang and Mike Holcombe",
keywords = "Agile methods, Empirical software engineering, Software testing, Testing strategies, Software engineering process, Programming paradigms"
}
@article{MELO1995580,
title = "A software engineering environment driven by event-condition-action rules and its trigger mechanism",
journal = "Information and Software Technology",
volume = "37",
number = "10",
pages = "580 - 587",
year = "1995",
issn = "0950-5849",
doi = "https://doi.org/10.1016/0950-5849(95)90934-M",
url = "http://www.sciencedirect.com/science/article/pii/095058499590934M",
author = "Walcélio L Melo and Noureddine Belkhatir and Jacky Estublier",
keywords = "trigger, active software engineering database, role concept, process modelling, event-condition-action rules, knowledge-based software engineering environments"
}
@article{TRAN2008697,
title = "MOBMAS: A methodology for ontology-based multi-agent systems development",
journal = "Information and Software Technology",
volume = "50",
number = "7",
pages = "697 - 722",
year = "2008",
issn = "0950-5849",
doi = "https://doi.org/10.1016/j.infsof.2007.07.005",
url = "http://www.sciencedirect.com/science/article/pii/S0950584907000766",
author = "Quynh-Nhu Numi Tran and Graham Low",
keywords = "Agent-oriented software engineering, Analysis and design methodologies, Ontology, Interoperability, Reusability"
}
@article{POSSATTO201565,
title = "Automatically propagating changes from reference implementations to code generation templates",
journal = "Information and Software Technology",
volume = "67",
pages = "65 - 78",
year = "2015",
issn = "0950-5849",
doi = "https://doi.org/10.1016/j.infsof.2015.06.009",
url = "http://www.sciencedirect.com/science/article/pii/S0950584915001226",
author = "Marcos Antonio Possatto and Daniel Lucrédio",
keywords = "Template-based code generation, Reference implementation, Code migration, Templatization, Round-trip engineering"
}
@article{BOZKIR2013842,
title = "FUAT – A fuzzy clustering analysis tool",
journal = "Expert Systems with Applications",
volume = "40",
number = "3",
pages = "842 - 849",
year = "2013",
note = "FUZZYSS11: 2nd International Fuzzy Systems Symposium 17-18 November 2011, Ankara, Turkey",
issn = "0957-4174",
doi = "https://doi.org/10.1016/j.eswa.2012.05.038",
url = "http://www.sciencedirect.com/science/article/pii/S0957417412007543",
author = "A. Selman Bozkir and Ebru Akcapinar Sezer",
keywords = "Clustering analysis, Fuzzy c-means clustering, Validity index, Visual analysis"
}
@article{WAN201714,
title = "Process and knowledge management in a collaborative maintenance planning system for high value machine tools",
journal = "Computers in Industry",
volume = "84",
pages = "14 - 24",
year = "2017",
issn = "0166-3615",
doi = "https://doi.org/10.1016/j.compind.2016.11.002",
url = "http://www.sciencedirect.com/science/article/pii/S0166361516302421",
author = "Shan Wan and Dongbo Li and James Gao and Rajkumar Roy and Yifei Tong",
keywords = "Product service system, Content management system, Knowledge management, Process management, Machine tool maintenance and service"
}
@article{VESSEY2005245,
title = "A unified classification system for research in the computing disciplines",
journal = "Information and Software Technology",
volume = "47",
number = "4",
pages = "245 - 255",
year = "2005",
issn = "0950-5849",
doi = "https://doi.org/10.1016/j.infsof.2004.08.006",
url = "http://www.sciencedirect.com/science/article/pii/S0950584904001260",
author = "Iris Vessey and V. Ramesh and Robert L. Glass",
keywords = "Classification system, Computing, Research method, Research approach, Reference discipline, Unit of analysis"
}
@article{MANZOOR2014351,
title = "An open-source multi-DOF articulated robotic educational platform for autonomous object manipulation",
journal = "Robotics and Computer-Integrated Manufacturing",
volume = "30",
number = "3",
pages = "351 - 362",
year = "2014",
issn = "0736-5845",
doi = "https://doi.org/10.1016/j.rcim.2013.11.003",
url = "http://www.sciencedirect.com/science/article/pii/S0736584513001002",
author = "Sarah Manzoor and Raza Ul Islam and Aayman Khalid and Abdul Samad and Jamshed Iqbal",
keywords = "Educational robotic platform, Industrial robots, Manipulator arm, Robot vision, Autonomous system"
}
@article{DZAACK200745,
title = "USING COGNITIVE MODELING FOR THE EVALUATION OF HUMAN-MACHINE INTERACTION",
journal = "IFAC Proceedings Volumes",
volume = "40",
number = "16",
pages = "45 - 50",
year = "2007",
note = "10th IFAC,IFIP,IFORS,IEA Symposium on Analysis, Design, and Evaluation of Human-Machine Systems",
issn = "1474-6670",
doi = "https://doi.org/10.3182/20070904-3-KR-2922.00008",
url = "http://www.sciencedirect.com/science/article/pii/S1474667015327579",
author = "Jeronimo Dzaack and Leon Urbas",
keywords = "cognitive systems, human factors, evaluation, performance analysis, software engineering, human perception"
}
@article{KRAUTH2016157,
title = "Clinical Trial Information Mediator",
journal = "Journal of Biomedical Informatics",
volume = "63",
pages = "157 - 168",
year = "2016",
issn = "1532-0464",
doi = "https://doi.org/10.1016/j.jbi.2016.08.012",
url = "http://www.sciencedirect.com/science/article/pii/S1532046416300892",
author = "Christian Krauth and Wolfgang Kuchinke and Martin Eckert and Rene Bergmann and Benjamin Braasch and Töresin Karakoyun and Christian Ohmann",
keywords = "Clinical Trial Information Mediator (CTIM), Database, Integration, BioMedBridges, PubMed, BioSample, ClinicalTrials.gov"
}
@article{DURST201591,
title = "A holistic approach to strategic foresight: A foresight support system for the German Federal Armed Forces",
journal = "Technological Forecasting and Social Change",
volume = "97",
pages = "91 - 104",
year = "2015",
issn = "0040-1625",
doi = "https://doi.org/10.1016/j.techfore.2014.01.005",
url = "http://www.sciencedirect.com/science/article/pii/S0040162514000365",
author = "Carolin Durst and Michael Durst and Thomas Kolonko and Andreas Neef and Florian Greif",
keywords = "Foresight support system, Foresight process, Foresight methods, Web-based collaboration, Software development"
}
@article{STUDER1985277,
title = "Knowledge-based software engineering environments",
journal = "Computer Physics Communications",
volume = "38",
number = "2",
pages = "277 - 287",
year = "1985",
issn = "0010-4655",
doi = "https://doi.org/10.1016/0010-4655(85)90091-8",
url = "http://www.sciencedirect.com/science/article/pii/0010465585900918",
author = "Rudi Studer"
}
@incollection{BANNERMANTHOMPSON2013101,
title = "Chapter 5 - Bagging, Boosting, and Random Forests Using R",
editor = "C.R. Rao and Venu Govindaraju",
series = "Handbook of Statistics",
publisher = "Elsevier",
volume = "31",
pages = "101 - 149",
year = "2013",
booktitle = "Handbook of Statistics",
issn = "0169-7161",
doi = "https://doi.org/10.1016/B978-0-444-53859-8.00005-9",
url = "http://www.sciencedirect.com/science/article/pii/B9780444538598000059",
author = "Hansen Bannerman-Thompson and M. Bhaskara Rao and Subramanyam Kasala",
keywords = "classification trees, regression trees, logistic regression, multiple regression, re-substitution error, out-of-bag error, bootstrapping, weighted bootstrapping"
}
@article{WU20161,
title = "An extensive empirical study on C++ concurrency constructs",
journal = "Information and Software Technology",
volume = "76",
pages = "1 - 18",
year = "2016",
issn = "0950-5849",
doi = "https://doi.org/10.1016/j.infsof.2016.04.004",
url = "http://www.sciencedirect.com/science/article/pii/S0950584916300581",
author = "Di Wu and Lin Chen and Yuming Zhou and Baowen Xu",
keywords = "Programming language, C++, Concurrency, Empirical study"
}
@article{ABATE2013459,
title = "A modular package manager architecture",
journal = "Information and Software Technology",
volume = "55",
number = "2",
pages = "459 - 474",
year = "2013",
note = "Special Section: Component-Based Software Engineering (CBSE), 2011",
issn = "0950-5849",
doi = "https://doi.org/10.1016/j.infsof.2012.09.002",
url = "http://www.sciencedirect.com/science/article/pii/S0950584912001851",
author = "Pietro Abate and Roberto Di Cosmo and Ralf Treinen and Stefano Zacchiroli",
keywords = "Software dependencies, Software repositories, Software components, Package manager, Open source"
}
@article{PAHL2015174,
title = "Role of OpenEHR as an open source solution for the regional modelling of patient data in obstetrics",
journal = "Journal of Biomedical Informatics",
volume = "55",
pages = "174 - 187",
year = "2015",
issn = "1532-0464",
doi = "https://doi.org/10.1016/j.jbi.2015.04.004",
url = "http://www.sciencedirect.com/science/article/pii/S1532046415000714",
author = "Christina Pahl and Mojtaba Zare and Mehrbakhsh Nilashi and Marco Aurélio de Faria Borges and Daniel Weingaertner and Vesselin Detschew and Eko Supriyanto and Othman Ibrahim",
keywords = "Archetypes, Demographic data, Dual model approach, Electronic health, Health record, Information system, Knowledge management, Semantic interoperability"
}
@article{FU2015369,
title = "Automated classification of software change messages by semi-supervised Latent Dirichlet Allocation",
journal = "Information and Software Technology",
volume = "57",
pages = "369 - 377",
year = "2015",
issn = "0950-5849",
doi = "https://doi.org/10.1016/j.infsof.2014.05.017",
url = "http://www.sciencedirect.com/science/article/pii/S0950584914001347",
author = "Ying Fu and Meng Yan and Xiaohong Zhang and Ling Xu and Dan Yang and Jeffrey D. Kymer",
keywords = "Software repositories mining, Semi-supervised topic modeling, LDA, Change message"
}
@article{GUPTA2017195,
title = "Usability feature selection via MBBAT: A novel approach",
journal = "Journal of Computational Science",
volume = "23",
pages = "195 - 203",
year = "2017",
issn = "1877-7503",
doi = "https://doi.org/10.1016/j.jocs.2017.06.005",
url = "http://www.sciencedirect.com/science/article/pii/S1877750317307081",
author = "Deepak Gupta and Anil K. Ahlawat",
keywords = "Bat algorithm, Binary bat algorithm, Modified binary bat algorithm, Software usability model, Feature selection"
}
@article{HUANG2014100,
title = "IPMP 2013 — A comprehensive data analysis tool for predictive microbiology",
journal = "International Journal of Food Microbiology",
volume = "171",
pages = "100 - 107",
year = "2014",
issn = "0168-1605",
doi = "https://doi.org/10.1016/j.ijfoodmicro.2013.11.019",
url = "http://www.sciencedirect.com/science/article/pii/S0168160513005400",
author = "Lihan Huang",
keywords = "Predictive microbiology, Model development, Nonlinear regression, Software development"
}
@article{SAFI2018,
title = "Multivariate calibration in Laser-Induced Breakdown Spectroscopy quantitative analysis: The dangers of a ‘black box’ approach and how to avoid them",
journal = "Spectrochimica Acta Part B: Atomic Spectroscopy",
year = "2018",
issn = "0584-8547",
doi = "https://doi.org/10.1016/j.sab.2018.03.007",
url = "http://www.sciencedirect.com/science/article/pii/S0584854717303543",
author = "A. Safi and B. Campanella and E. Grifoni and S. Legnaioli and G. Lorenzetti and S. Pagnotta and F. Poggialini and L. Ripoll-Seguer and M. Hidalgo and V. Palleschi",
keywords = "LIBS, Cast iron, Calibration curves, Partial Least Squares Analysis, Artificial Neural Networks"
}
@article{GUTIERREZMADRONAL2018784,
title = "IoT–TEG: Test event generator system",
journal = "Journal of Systems and Software",
volume = "137",
pages = "784 - 803",
year = "2018",
issn = "0164-1212",
doi = "https://doi.org/10.1016/j.jss.2017.06.037",
url = "http://www.sciencedirect.com/science/article/pii/S0164121217301280",
author = "L. Gutiérrez-Madroñal and I. Medina-Bulo and J.J. Domínguez-Jiménez",
keywords = "Event generator, Testing, Event type definition, Internet of Things, Complex event processing"
}
@article{SANCHEZ2013297,
title = "A Virtual Laboratory for Tubular Photobioreactors for Outdoor Microalgae Culture",
journal = "IFAC Proceedings Volumes",
volume = "46",
number = "17",
pages = "297 - 302",
year = "2013",
note = "10th IFAC Symposium Advances in Control Education",
issn = "1474-6670",
doi = "https://doi.org/10.3182/20130828-3-UK-2039.00066",
url = "http://www.sciencedirect.com/science/article/pii/S1474667015341173",
author = "J. Sänchez and R. Dormido and N. Duro and I. Fernändez and S. Dormido",
keywords = "Photobioreactors, biocontrol, biotechnology, laboratory education, simulators, interactive programs, modeling, Java"
}
@article{RABELO199775,
title = "An expert system for diagnosis of acute myocardial infarction with ECG analysis",
journal = "Artificial Intelligence in Medicine",
volume = "10",
number = "1",
pages = "75 - 92",
year = "1997",
note = "Knowledge-based systems in cardiovascular medicine",
issn = "0933-3657",
doi = "https://doi.org/10.1016/S0933-3657(97)00385-0",
url = "http://www.sciencedirect.com/science/article/pii/S0933365797003850",
author = "Alvaro Rabelo and Ana Regina Rocha and Káthia Oliveira and Agnaldo Souza and Antonio Ximenes and Carlos Andrade and Daniela Onnis and Ivan Olivaes and Nelson Lobo and Nívea Ferreira and Vera Werneck",
keywords = "Expert systems, Acute myocardial infarction, Software development process, Quality assurance"
}
@article{XUAN201665,
title = "B-Refactoring: Automatic test code refactoring to improve dynamic analysis",
journal = "Information and Software Technology",
volume = "76",
pages = "65 - 80",
year = "2016",
issn = "0950-5849",
doi = "https://doi.org/10.1016/j.infsof.2016.04.016",
url = "http://www.sciencedirect.com/science/article/pii/S0950584916300714",
author = "Jifeng Xuan and Benoit Cornu and Matias Martinez and Benoit Baudry and Lionel Seinturier and Martin Monperrus"
}
@article{ALROMI2015288,
title = "Human Factors in the Design of Medical Simulation Tools",
journal = "Procedia Manufacturing",
volume = "3",
pages = "288 - 292",
year = "2015",
note = "6th International Conference on Applied Human Factors and Ergonomics (AHFE 2015) and the Affiliated Conferences, AHFE 2015",
issn = "2351-9789",
doi = "https://doi.org/10.1016/j.promfg.2015.07.151",
url = "http://www.sciencedirect.com/science/article/pii/S2351978915001523",
author = "Norah AlRomi",
keywords = "Software quality models, Decision support systems, Medical simulation, Quality assurance factors, Software engineering"
}
@article{HAZZAN2002161,
title = "The reflective practitioner perspective in software engineering education",
journal = "Journal of Systems and Software",
volume = "63",
number = "3",
pages = "161 - 171",
year = "2002",
issn = "0164-1212",
doi = "https://doi.org/10.1016/S0164-1212(02)00012-2",
url = "http://www.sciencedirect.com/science/article/pii/S0164121202000122",
author = "Orit Hazzan"
}
@article{KONNOLA2016134,
title = "Agile methods in embedded system development: Multiple-case study of three industrial cases",
journal = "Journal of Systems and Software",
volume = "118",
pages = "134 - 150",
year = "2016",
issn = "0164-1212",
doi = "https://doi.org/10.1016/j.jss.2016.05.001",
url = "http://www.sciencedirect.com/science/article/pii/S0164121216300413",
author = "Kaisa Könnölä and Samuli Suomi and Tuomas Mäkilä and Tero Jokela and Ville Rantala and Teijo Lehtonen",
keywords = "Embedded system, Agile, Agile method, Case study"
}
@article{QI2016414,
title = "Association between volume and momentum of online searches and real-world collective unrest",
journal = "Results in Physics",
volume = "6",
pages = "414 - 419",
year = "2016",
issn = "2211-3797",
doi = "https://doi.org/10.1016/j.rinp.2016.07.008",
url = "http://www.sciencedirect.com/science/article/pii/S2211379716300560",
author = "Hong Qi and Pedro Manrique and Daniela Johnson and Elvira Restrepo and Neil F. Johnson",
keywords = "Collective phenomena, Complexity, Social media, Transitions"
}
@article{ACUNA2009627,
title = "How do personality, team processes and task characteristics relate to job satisfaction and software quality?",
journal = "Information and Software Technology",
volume = "51",
number = "3",
pages = "627 - 639",
year = "2009",
issn = "0950-5849",
doi = "https://doi.org/10.1016/j.infsof.2008.08.006",
url = "http://www.sciencedirect.com/science/article/pii/S0950584908001080",
author = "Silvia T. Acuña and Marta Gómez and Natalia Juristo",
keywords = "Personality factors, Team processes, Task characteristics, Software quality, Job satisfaction"
}
@article{ALETI2018222,
title = "An efficient method for uncertainty propagation in robust software performance estimation",
journal = "Journal of Systems and Software",
volume = "138",
pages = "222 - 235",
year = "2018",
issn = "0164-1212",
doi = "https://doi.org/10.1016/j.jss.2018.01.010",
url = "http://www.sciencedirect.com/science/article/pii/S0164121218300013",
author = "Aldeida Aleti and Catia Trubiani and André van Hoorn and Pooyan Jamshidi",
keywords = "Polynomial chaos expansion, Software performance engineering, Uncertainty propagation"
}
@incollection{PASSOS201537,
title = "Chapter 3 - An Agent Methodology for Processes, the Environment, and Services",
editor = "Rosaldo J.F. Rossetti and Ronghui Liu",
booktitle = "Advances in Artificial Transportation Systems and Simulation",
publisher = "Academic Press",
address = "Boston",
pages = "37 - 53",
year = "2015",
isbn = "978-0-12-397041-1",
doi = "https://doi.org/10.1016/B978-0-12-397041-1.00003-0",
url = "http://www.sciencedirect.com/science/article/pii/B9780123970411000030",
author = "Lúcio Sanchez Passos and Rosaldo J.F. Rossetti and Joaquim Gabriel",
keywords = "agent-oriented software engineering, multi-agent systems, processes, environment, services, modeling methodologies"
}
@article{LEI20111476,
title = "Development of efficient and cost-effective distributed hydrological modeling tool MWEasyDHM based on open-source MapWindow GIS",
journal = "Computers & Geosciences",
volume = "37",
number = "9",
pages = "1476 - 1489",
year = "2011",
issn = "0098-3004",
doi = "https://doi.org/10.1016/j.cageo.2011.03.016",
url = "http://www.sciencedirect.com/science/article/pii/S0098300411001300",
author = "Xiaohui Lei and Yuhui Wang and Weihong Liao and Yunzhong Jiang and Yu Tian and Hao Wang",
keywords = "Efficient and cost-effective, MWEasyDHM tool, Open-source GIS, MapWindow GIS, EasyDHM model, Calibration, Visualization"
}
@article{KOTZUR2018474,
title = "Impact of different time series aggregation methods on optimal energy system design",
journal = "Renewable Energy",
volume = "117",
pages = "474 - 487",
year = "2018",
issn = "0960-1481",
doi = "https://doi.org/10.1016/j.renene.2017.10.017",
url = "http://www.sciencedirect.com/science/article/pii/S0960148117309783",
author = "Leander Kotzur and Peter Markewitz and Martin Robinius and Detlef Stolten",
keywords = "Energy systems, Renewable energies, Mixed integer linear programming, Typical periods, Cluster analysis, Extreme periods, Time-series aggregation"
}
@article{DADDABBO201864,
title = "DAFNE: A Matlab toolbox for Bayesian multi-source remote sensing and ancillary data fusion, with application to flood mapping",
journal = "Computers & Geosciences",
volume = "112",
pages = "64 - 75",
year = "2018",
issn = "0098-3004",
doi = "https://doi.org/10.1016/j.cageo.2017.12.005",
url = "http://www.sciencedirect.com/science/article/pii/S0098300417305423",
author = "Annarita D'Addabbo and Alberto Refice and Francesco P. Lovergine and Guido Pasquariello",
keywords = "Flood mapping, Matlab, Bayesian networks, Data fusion"
}
@article{CAMPAGNOLO2015150,
title = "Technology as we do not know it: The extended practice of global software development",
journal = "Information and Organization",
volume = "25",
number = "3",
pages = "150 - 159",
year = "2015",
issn = "1471-7727",
doi = "https://doi.org/10.1016/j.infoandorg.2015.06.001",
url = "http://www.sciencedirect.com/science/article/pii/S1471772715000238",
author = "Gian Marco Campagnolo and Neil Pollock and Robin Williams",
keywords = "Extended situations, Trans-situatedness, Trans-contextuality, Appresentation"
}
@article{ALBUQUERQUE20071187,
title = "The ALPS project release 1.3: Open-source software for strongly correlated systems",
journal = "Journal of Magnetism and Magnetic Materials",
volume = "310",
number = "2, Part 2",
pages = "1187 - 1193",
year = "2007",
note = "Proceedings of the 17th International Conference on Magnetism",
issn = "0304-8853",
doi = "https://doi.org/10.1016/j.jmmm.2006.10.304",
url = "http://www.sciencedirect.com/science/article/pii/S0304885306014983",
author = "A.F. Albuquerque and F. Alet and P. Corboz and P. Dayal and A. Feiguin and S. Fuchs and L. Gamper and E. Gull and S. Gürtler and A. Honecker and R. Igarashi and M. Körner and A. Kozhevnikov and A. Läuchli and S.R. Manmana and M. Matsumoto and I.P. McCulloch and F. Michel and R.M. Noack and G. Pawłowski and L. Pollet and T. Pruschke and U. Schollwöck and S. Todo and S. Trebst and M. Troyer and P. Werner and S. Wessel",
keywords = "Quantum lattice model, Open-source software, C++, Monte Carlo, Quantum Monte Carlo, Density matrix renormalization group, DMRG, Exact diagonalization"
}
@article{TRIANTAFYLLIDIS2016450,
title = "ProMARTES: Accurate network and computation delay prediction for component-based distributed systems",
journal = "Journal of Systems and Software",
volume = "117",
pages = "450 - 470",
year = "2016",
issn = "0164-1212",
doi = "https://doi.org/10.1016/j.jss.2016.03.068",
url = "http://www.sciencedirect.com/science/article/pii/S0164121216300188",
author = "Konstantinos Triantafyllidis and Waqar Aslam and Egor Bondarev and Johan J. Lukkien and Peter H.N. de With",
keywords = "Simulation, Scheduling, Analysis, Performance, Real-time, Distributed"
}
@article{MANZHYNSKI2016489,
title = "Sustainability performance in the Baltic Sea Region",
journal = "Land Use Policy",
volume = "57",
pages = "489 - 498",
year = "2016",
issn = "0264-8377",
doi = "https://doi.org/10.1016/j.landusepol.2016.06.003",
url = "http://www.sciencedirect.com/science/article/pii/S0264837715301320",
author = "Siarhei Manzhynski and Nikolai Siniak and Alina Źróbek-Różańska and Sabina Źróbek",
keywords = "Sustainability performance assessment, Sustainable value, Opportunity costs, Environmental impacts"
}
@article{GLUER1994297,
title = "Petri Net Models for Control of Manufacturing Systems - A Laboratory Experiment",
journal = "IFAC Proceedings Volumes",
volume = "27",
number = "9",
pages = "297 - 300",
year = "1994",
note = "IFAC Symposium on Advances in Control Education 1994 (ACE'94), Tokyo, Japan, 1-2 August",
issn = "1474-6670",
doi = "https://doi.org/10.1016/S1474-6670(17)45954-4",
url = "http://www.sciencedirect.com/science/article/pii/S1474667017459544",
author = "D. Glüer and G. Schmidt",
keywords = "Control system design, Control system synthesis, Discrete systems, Education, Flexible manufacturing, Modeling, Petri nets, Production strategies, Software engineering"
}
@article{PAKSOY2011600,
title = "Information fusion with dempster-shafer evidence theory for software defect prediction",
journal = "Procedia Computer Science",
volume = "3",
pages = "600 - 605",
year = "2011",
note = "World Conference on Information Technology",
issn = "1877-0509",
doi = "https://doi.org/10.1016/j.procs.2010.12.100",
url = "http://www.sciencedirect.com/science/article/pii/S1877050910004758",
author = "Aytunç Paksoy and Mehmet Göktürk",
keywords = "Software defect prediction, Dempster-Shafer evidence theory, Information fusion, Software engineering"
}
@article{CHRISTIDIS20129297,
title = "Using latent topics to enhance search and recommendation in Enterprise Social Software",
journal = "Expert Systems with Applications",
volume = "39",
number = "10",
pages = "9297 - 9307",
year = "2012",
issn = "0957-4174",
doi = "https://doi.org/10.1016/j.eswa.2012.02.073",
url = "http://www.sciencedirect.com/science/article/pii/S095741741200317X",
author = "Konstantinos Christidis and Gregoris Mentzas and Dimitris Apostolou",
keywords = "Enterprise Social Software, Search, Recommender systems, Latent topic models, Latent Dirichlet Allocation"
}
@article{ROSELLO2007256,
title = "A component framework for reusing a proprietary computer-aided engineering environment",
journal = "Advances in Engineering Software",
volume = "38",
number = "4",
pages = "256 - 266",
year = "2007",
issn = "0965-9978",
doi = "https://doi.org/10.1016/j.advengsoft.2006.08.014",
url = "http://www.sciencedirect.com/science/article/pii/S0965997806001402",
author = "Emilio G. Roselló and María J. Lado and Arturo J. Méndez and Jacinto G. Dacosta and Manuel P. Cota",
keywords = "Software engineering, Reusable components, Matlab, Web-based technology"
}
@article{MESINA2016151,
title = "A methodological pipeline for serial-section imaging and tissue realignment for whole-brain functional and connectivity assessment",
journal = "Journal of Neuroscience Methods",
volume = "266",
pages = "151 - 160",
year = "2016",
issn = "0165-0270",
doi = "https://doi.org/10.1016/j.jneumeth.2016.03.021",
url = "http://www.sciencedirect.com/science/article/pii/S0165027016300279",
author = "Lilia Mesina and Aaron A. Wilber and Benjamin J. Clark and Sutherland Dube and Alexis J. Demecha and Craig E.L. Stark and Bruce L. McNaughton",
keywords = "Connectome, Immediate-early genes, Neuroimaging, Functional networks, Neural tracing, Tissue realignment"
}
@article{ERIKSSON1994425,
title = "Generation of knowledge-acquisition tools from domain ontologies",
journal = "International Journal of Human-Computer Studies",
volume = "41",
number = "3",
pages = "425 - 453",
year = "1994",
issn = "1071-5819",
doi = "https://doi.org/10.1006/ijhc.1994.1067",
url = "http://www.sciencedirect.com/science/article/pii/S1071581984710676",
author = "Henrik Eriksson and Angel R. Puerta and Mark A. Musen"
}
@article{RAZA201719,
title = "Building the Internet of Things with bluetooth smart",
journal = "Ad Hoc Networks",
volume = "57",
pages = "19 - 31",
year = "2017",
note = "Special Issue on Internet of Things and Smart Cities\: security, privacy and new technologies",
issn = "1570-8705",
doi = "https://doi.org/10.1016/j.adhoc.2016.08.012",
url = "http://www.sciencedirect.com/science/article/pii/S1570870516302050",
author = "Shahid Raza and Prasant Misra and Zhitao He and Thiemo Voigt",
keywords = "Internet of things, IoT, Bluetooth LE, BLE, Open hardware, Open source, Contiki O.S"
}
@article{AJITHA20122172,
title = "Improved Task Graph-based Parallel Data Processing for Dynamic Resource Allocation in Cloud",
journal = "Procedia Engineering",
volume = "38",
pages = "2172 - 2178",
year = "2012",
note = "INTERNATIONAL CONFERENCE ON MODELLING OPTIMIZATION AND COMPUTING",
issn = "1877-7058",
doi = "https://doi.org/10.1016/j.proeng.2012.06.261",
url = "http://www.sciencedirect.com/science/article/pii/S1877705812021741",
author = "A. Ajitha and D. Ramesh",
keywords = "Parallel data processing, IaaS Cloud, Task graph, Heterogeneous environment, Load balancing"
}
@article{TONELLA2013173,
title = "Interactive requirements prioritization using a genetic algorithm",
journal = "Information and Software Technology",
volume = "55",
number = "1",
pages = "173 - 187",
year = "2013",
note = "Special section: Best papers from the 2nd International Symposium on Search Based Software Engineering 2010",
issn = "0950-5849",
doi = "https://doi.org/10.1016/j.infsof.2012.07.003",
url = "http://www.sciencedirect.com/science/article/pii/S0950584912001292",
author = "Paolo Tonella and Angelo Susi and Francis Palma",
keywords = "Requirements prioritization, Interactive genetic algorithms, Search based software engineering"
}
@article{SCHIPPERS200619,
title = "a(MDÆ)2: A Model Driven Approach to Multi-Dimensional Separation of Concerns with OCL",
journal = "Electronic Notes in Theoretical Computer Science",
volume = "163",
number = "1",
pages = "19 - 29",
year = "2006",
note = "Proceedings of the First Workshop on Aspect-Based and Model-Based Separation of Concerns in Software Systems (ABMB 2005)",
issn = "1571-0661",
doi = "https://doi.org/10.1016/j.entcs.2006.07.007",
url = "http://www.sciencedirect.com/science/article/pii/S1571066106004610",
author = "Hans Schippers and Dirk Janssens",
keywords = "MDE, Role Modeling, Views, MDSoC"
}