@article{SHAW1998259,
title = "Addressing the shortcomings of traditional formal reasoning methods for concurrent programs: New tools and techniques for source code correctness",
journal = "Information Sciences",
volume = "106",
number = "3",
pages = "259 - 275",
year = "1998",
issn = "0020-0255",
doi = "https://doi.org/10.1016/S0020-0255(97)10014-7",
url = "http://www.sciencedirect.com/science/article/pii/S0020025597100147",
author = "Robert J. Shaw and Ronald A. Olsson",
keywords = "Formal methods, Code reasoning, Software engineering, Programming environments"
}
@article{WILLIAMS198751,
title = "Language requirements for embedded systems",
journal = "Computer Standards & Interfaces",
volume = "6",
number = "1",
pages = "51 - 60",
year = "1987",
note = "Real-time Distributed Software",
issn = "0920-5489",
doi = "https://doi.org/10.1016/0920-5489(87)90045-6",
url = "http://www.sciencedirect.com/science/article/pii/0920548987900456",
author = "David O Williams",
keywords = "Embedded Computer Systems, Programming Language Requirements, Software Engineering, Multi-tasking, Multi-processing"
}
@article{YIN201558,
title = "GOM-Hadoop: A distributed framework for efficient analytics on ordered datasets",
journal = "Journal of Parallel and Distributed Computing",
volume = "83",
pages = "58 - 69",
year = "2015",
issn = "0743-7315",
doi = "https://doi.org/10.1016/j.jpdc.2015.05.003",
url = "http://www.sciencedirect.com/science/article/pii/S0743731515000933",
author = "Jiangtao Yin and Yong Liao and Mario Baldi and Lixin Gao and Antonio Nucci",
keywords = "GOM-Hadoop, Distributed framework, MapReduce, Ordered dataset"
}
@article{NGUYEN2011682,
title = "A controlled experiment in assessing and estimating software maintenance tasks",
journal = "Information and Software Technology",
volume = "53",
number = "6",
pages = "682 - 691",
year = "2011",
note = "Special Section: Best papers from the APSEC",
issn = "0950-5849",
doi = "https://doi.org/10.1016/j.infsof.2010.11.003",
url = "http://www.sciencedirect.com/science/article/pii/S0950584910002041",
author = "Vu Nguyen and Barry Boehm and Phongphan Danphitsanuphan",
keywords = "Software maintenance, Software estimation, Maintenance experiment, COCOMO, Maintenance size"
}
@article{CHINPINGCHANG1994317,
title = "Freeway Traffic Management Strategy Expert Systems",
journal = "IFAC Proceedings Volumes",
volume = "27",
number = "12",
pages = "317 - 321",
year = "1994",
note = "IFAC Symposium on Transportation Systems: Theory and Application of Advanced Technology, Tianjin, PRC, 24-26 August",
issn = "1474-6670",
doi = "https://doi.org/10.1016/S1474-6670(17)47490-8",
url = "http://www.sciencedirect.com/science/article/pii/S1474667017474908",
author = "Edmond Chin-Ping Chang and K.K. Ho",
keywords = "Artificial intelligence, Expert systems, Software development, Transportation control, Advanced Traffic Management Systems"
}
@article{CODEE2004317,
title = "The synthesis of well-defined heparin and heparan sulfate fragments",
journal = "Drug Discovery Today: Technologies",
volume = "1",
number = "3",
pages = "317 - 326",
year = "2004",
issn = "1740-6749",
doi = "https://doi.org/10.1016/j.ddtec.2004.11.017",
url = "http://www.sciencedirect.com/science/article/pii/S1740674904000654",
author = "Jeroen D.C. Codée and Herman S. Overkleeft and Gijsbert A. van der Marel and Constant A.A. van Boeckel"
}
@article{TABLAN201552,
title = "Mímir: An open-source semantic search framework for interactive information seeking and discovery",
journal = "Web Semantics: Science, Services and Agents on the World Wide Web",
volume = "30",
pages = "52 - 68",
year = "2015",
note = "Semantic Search",
issn = "1570-8268",
doi = "https://doi.org/10.1016/j.websem.2014.10.002",
url = "http://www.sciencedirect.com/science/article/pii/S1570826814001036",
author = "Valentin Tablan and Kalina Bontcheva and Ian Roberts and Hamish Cunningham",
keywords = "Natural language processing, Semantic search, Scalable semantic search framework, Expressive semantic queries, Integrated semantic search"
}
@article{FERNANDEZSALGADO201620,
title = "Integration of a preemptive priority based scheduler in the Palladio Workbench",
journal = "Journal of Systems and Software",
volume = "114",
pages = "20 - 37",
year = "2016",
issn = "0164-1212",
doi = "https://doi.org/10.1016/j.jss.2015.12.029",
url = "http://www.sciencedirect.com/science/article/pii/S0164121215002915",
author = "Javier Fernández-Salgado and Pablo Parra and Michael Hauck and Agustín M. Hellín and Sebastián Sánchez-Prieto and Klaus Krogmann and Óscar R. Polo",
keywords = "Real time software, Component-Based Software Engineering, Model-driven engineering, Solar Orbiter"
}
@article{BIANCHI2013325,
title = "WatchMan project—A Python CASE framework for High Energy Physics data analysis in the LHC era",
journal = "Journal of Computational Science",
volume = "4",
number = "5",
pages = "325 - 333",
year = "2013",
issn = "1877-7503",
doi = "https://doi.org/10.1016/j.jocs.2012.04.005",
url = "http://www.sciencedirect.com/science/article/pii/S1877750312000336",
author = "Riccardo Maria Bianchi and Renaud Brunelière",
keywords = "Large Hadron Collider, LHC, High Energy Physics, Data analysis, Computer aided software engineering, Python, Physics framework"
}
@article{LIN2016223,
title = "Enhancements for duplication detection in bug reports with manifold correlation features",
journal = "Journal of Systems and Software",
volume = "121",
pages = "223 - 233",
year = "2016",
issn = "0164-1212",
doi = "https://doi.org/10.1016/j.jss.2016.02.022",
url = "http://www.sciencedirect.com/science/article/pii/S0164121216000546",
author = "Meng-Jie Lin and Cheng-Zen Yang and Chao-Yuan Lee and Chun-Chang Chen",
keywords = "Duplication detection, Bug reports, Correlation features"
}
@article{LANTERNA2017S99,
title = "Forensic analysis of deduplicated file systems",
journal = "Digital Investigation",
volume = "20",
pages = "S99 - S106",
year = "2017",
note = "DFRWS 2017 Europe",
issn = "1742-2876",
doi = "https://doi.org/10.1016/j.diin.2017.01.008",
url = "http://www.sciencedirect.com/science/article/pii/S1742287617300324",
author = "Dario Lanterna and Antonio Barili",
keywords = "Deduplication, File systems"
}
@article{PAPAFOTIOU1991119,
title = "A knowledge based system for the design of ro-desalination plants",
journal = "Desalination",
volume = "82",
number = "1",
pages = "119 - 129",
year = "1991",
note = "Proceedings of the Twelfth International Symposium on Desalination and Water re-use",
issn = "0011-9164",
doi = "https://doi.org/10.1016/0011-9164(91)85174-S",
url = "http://www.sciencedirect.com/science/article/pii/001191649185174S",
author = "K. Papafotiou and D. Assimacopoulos and D. Marinos-Kouris"
}
@article{RAI2000335,
title = "The effects of development process modeling and task uncertainty on development quality performance",
journal = "Information & Management",
volume = "37",
number = "6",
pages = "335 - 346",
year = "2000",
issn = "0378-7206",
doi = "https://doi.org/10.1016/S0378-7206(00)00047-1",
url = "http://www.sciencedirect.com/science/article/pii/S0378720600000471",
author = "Arun Rai and Hindi Al-Hindi",
keywords = "Management information systems, Systems development methodologies, Process quality, Product quality"
}
@article{HECTOR201690,
title = "pyGrav, a Python-based program for handling and processing relative gravity data",
journal = "Computers & Geosciences",
volume = "91",
pages = "90 - 97",
year = "2016",
issn = "0098-3004",
doi = "https://doi.org/10.1016/j.cageo.2016.03.010",
url = "http://www.sciencedirect.com/science/article/pii/S009830041630084X",
author = "Basile Hector and Jacques Hinderer",
keywords = "Relative-gravity, Time-variable gravity, Object-oriented, Python"
}
@article{JORGE2017148,
title = "Semi-automated extraction of longitudinal subglacial bedforms from digital terrain models – Two new methods",
journal = "Geomorphology",
volume = "288",
pages = "148 - 163",
year = "2017",
issn = "0169-555X",
doi = "https://doi.org/10.1016/j.geomorph.2017.04.001",
url = "http://www.sciencedirect.com/science/article/pii/S0169555X16301428",
author = "Marco G. Jorge and Tracy A. Brennand",
keywords = "Semi-automated mapping, Drumlin, Mega-scale glacial lineation, Closed contour"
}
@incollection{ANDRESS2012137,
title = "Chapter 5 - Introduction to Web scripting with PHP",
editor = "Jason Andress and Ryan Linn",
booktitle = "Coding for Penetration Testers",
publisher = "Syngress",
address = "Boston",
pages = "137 - 159",
year = "2012",
isbn = "978-1-59749-729-9",
doi = "https://doi.org/10.1016/B978-1-59749-729-9.00005-9",
url = "http://www.sciencedirect.com/science/article/pii/B9781597497299000059",
author = "Jason Andress and Ryan Linn"
}
@article{TATSIOPOULOS1990207,
title = "Requirements analysis of production management software systems",
journal = "Computer Integrated Manufacturing Systems",
volume = "3",
number = "4",
pages = "207 - 215",
year = "1990",
issn = "0951-5240",
doi = "https://doi.org/10.1016/0951-5240(90)90060-R",
url = "http://www.sciencedirect.com/science/article/pii/095152409090060R",
author = "I.P. Tatsiopoulos",
keywords = "production management, expert systems, software selection"
}
@article{LAPORTE201234,
title = "ThesauForm—Traits: A web based collaborative tool to develop a thesaurus for plant functional diversity research",
journal = "Ecological Informatics",
volume = "11",
pages = "34 - 44",
year = "2012",
note = "Data platforms in integrative biodiversity research",
issn = "1574-9541",
doi = "https://doi.org/10.1016/j.ecoinf.2012.04.004",
url = "http://www.sciencedirect.com/science/article/pii/S1574954112000404",
author = "Marie-Angélique Laporte and  IsabelleMougenot and Eric Garnier",
keywords = "Functional diversity, Web of data, Thesaurus, Tool, Plant trait, Controlled vocabulary"
}
@article{TOLGA200589,
title = "Operating system selection using fuzzy replacement analysis and analytic hierarchy process",
journal = "International Journal of Production Economics",
volume = "97",
number = "1",
pages = "89 - 117",
year = "2005",
issn = "0925-5273",
doi = "https://doi.org/10.1016/j.ijpe.2004.07.001",
url = "http://www.sciencedirect.com/science/article/pii/S0925527304002804",
author = "Ethem Tolga and Murat Levent Demircan and Cengiz Kahraman",
keywords = "Fuzzy sets, Replacement analysis, AHP, Technology selection"
}
@article{EBERT201580,
title = "A new SAS program for behavioral analysis of electrical penetration graph data",
journal = "Computers and Electronics in Agriculture",
volume = "116",
pages = "80 - 87",
year = "2015",
issn = "0168-1699",
doi = "https://doi.org/10.1016/j.compag.2015.06.011",
url = "http://www.sciencedirect.com/science/article/pii/S0168169915001684",
author = "Timothy A. Ebert and Elaine A. Backus and Miguel Cid and Alberto Fereres and Michael E. Rogers",
keywords = "EPG, Software, Electropenetography"
}
@incollection{HEIDERICH2011199,
title = "Chapter 8 - Web application firewalls and client-side filters",
editor = "Mario Heiderich and Eduardo Alberto Vela Nava and Gareth Heyes and David Lindsay",
booktitle = "Web Application Obfuscation",
publisher = "Syngress",
address = "Boston",
pages = "199 - 216",
year = "2011",
isbn = "978-1-59749-604-9",
doi = "https://doi.org/10.1016/B978-1-59749-604-9.00008-X",
url = "http://www.sciencedirect.com/science/article/pii/B978159749604900008X",
author = "Mario Heiderich and Eduardo Alberto Vela Nava and Gareth Heyes and David Lindsay",
keywords = "Web application firewall, Client-side filter, Blacklisting mode, Whitelisting mode, NoScript plug-in, XSS Filter, Trigger string"
}
@article{SAGHAFI2017275,
title = "Examining effective factors in initial acceptance of high-tech localized technologies: Xamin, Iranian localized operating system",
journal = "Technological Forecasting and Social Change",
volume = "122",
pages = "275 - 288",
year = "2017",
issn = "0040-1625",
doi = "https://doi.org/10.1016/j.techfore.2016.04.010",
url = "http://www.sciencedirect.com/science/article/pii/S0040162516300324",
author = "Fatemeh Saghafi and Ehsan Noorzad Moghaddam and Alireza Aslani",
keywords = "Technology acceptance, SEM, Moderator, TAM, Xamin"
}
@article{PETERS201399,
title = "Advanced Solar Cell Modelling",
journal = "Energy Procedia",
volume = "33",
pages = "99 - 103",
year = "2013",
note = "PV Asia Pacific Conference 2012",
issn = "1876-6102",
doi = "https://doi.org/10.1016/j.egypro.2013.05.045",
url = "http://www.sciencedirect.com/science/article/pii/S1876610213000556",
author = "Marius Peters and Ma Fajun and Ke Cangming and Guo Siyu and Nasim Sahraei and Bram Hoex and Armin G. Aberle",
keywords = "Solar cells, Modeling, Overview"
}
@article{MATOUSSI2018,
title = "Loop aware CFG matching strategy for accurate performance estimation in IR-level native simulation",
journal = "Integration",
year = "2018",
issn = "0167-9260",
doi = "https://doi.org/10.1016/j.vlsi.2018.02.001",
url = "http://www.sciencedirect.com/science/article/pii/S0167926017302286",
author = "Omayma Matoussi and Frédéric Pétrot",
keywords = "Native simulation, Performance estimation, Control flow graph (CFG), Compiler optimizations, Intermediate representation, CFG matching"
}
@article{JAVDANIGANDOMANI2015204,
title = "An empirically-developed framework for Agile transition and adoption: A Grounded Theory approach",
journal = "Journal of Systems and Software",
volume = "107",
pages = "204 - 219",
year = "2015",
issn = "0164-1212",
doi = "https://doi.org/10.1016/j.jss.2015.06.006",
url = "http://www.sciencedirect.com/science/article/pii/S0164121215001223",
author = "Taghi Javdani Gandomani and Mina Ziaei Nafchi",
keywords = "Agile software development, Agile transformation process, Agile adoption, Grounded Theory, Transition framework"
}
@article{PSYCHARIS2013253,
title = "Examining the effect of the computational models on learning performance, scientific reasoning, epistemic beliefs and argumentation: An implication for the STEM agenda",
journal = "Computers & Education",
volume = "68",
pages = "253 - 265",
year = "2013",
issn = "0360-1315",
doi = "https://doi.org/10.1016/j.compedu.2013.05.015",
url = "http://www.sciencedirect.com/science/article/pii/S0360131513001437",
author = "Sarantos Psycharis",
keywords = "Modelling, Computational experiment, Reasoning abilities, Epistemological beliefs, Argumentation"
}
@article{KROGH2009119,
title = "Individualist and collectivist perspectives on knowledge in organizations: Implications for information systems research",
journal = "The Journal of Strategic Information Systems",
volume = "18",
number = "3",
pages = "119 - 129",
year = "2009",
issn = "0963-8687",
doi = "https://doi.org/10.1016/j.jsis.2009.08.001",
url = "http://www.sciencedirect.com/science/article/pii/S0963868709000316",
author = "Georg von Krogh",
keywords = "Knowledge, Organizational knowledge, Organization theory, Knowledge-based view of the firm, Organizational knowledge creation theory, Individualist perspective, Collectivist perspective, Information systems research, Open source software"
}
@article{ESTES201641,
title = "A platform for crowdsourcing the creation of representative, accurate landcover maps",
journal = "Environmental Modelling & Software",
volume = "80",
pages = "41 - 53",
year = "2016",
issn = "1364-8152",
doi = "https://doi.org/10.1016/j.envsoft.2016.01.011",
url = "http://www.sciencedirect.com/science/article/pii/S136481521630010X",
author = "L.D. Estes and D. McRitchie and J. Choi and S. Debats and T. Evans and W. Guthe and D. Luo and G. Ragazzo and R. Zempleni and K.K. Caylor",
keywords = "Remote sensing, Landcover, Crowd-sourcing, Accuracy assessment, Representative sampling, Object extraction"
}
@article{YAN201784,
title = "Elucidating high-dimensional cancer hallmark annotation via enriched ontology",
journal = "Journal of Biomedical Informatics",
volume = "73",
pages = "84 - 94",
year = "2017",
issn = "1532-0464",
doi = "https://doi.org/10.1016/j.jbi.2017.07.011",
url = "http://www.sciencedirect.com/science/article/pii/S1532046417301673",
author = "Shankai Yan and Ka-Chun Wong",
keywords = "Hallmark of cancer, Text annotation, Ontology, High dimension"
}
@article{THEODOROPOULOS1994113,
title = "Parasitology tutoring system: a hypermedia computer-based application",
journal = "Computer Methods and Programs in Biomedicine",
volume = "42",
number = "2",
pages = "113 - 118",
year = "1994",
issn = "0169-2607",
doi = "https://doi.org/10.1016/0169-2607(94)90047-7",
url = "http://www.sciencedirect.com/science/article/pii/0169260794900477",
author = "Georgios Theodoropoulos and Vassili Loumos",
keywords = "Parasitology, Tutoring, Computer, Hypermedia"
}
@article{ARCURI2014412,
title = "Co-evolutionary automatic programming for software development",
journal = "Information Sciences",
volume = "259",
pages = "412 - 432",
year = "2014",
issn = "0020-0255",
doi = "https://doi.org/10.1016/j.ins.2009.12.019",
url = "http://www.sciencedirect.com/science/article/pii/S0020025509005490",
author = "Andrea Arcuri and Xin Yao",
keywords = "Automatic programming, Automatic refinement, Co-evolution, Software testing, Genetic programming"
}
@article{LI201767,
title = "Static analysis of android apps: A systematic literature review",
journal = "Information and Software Technology",
volume = "88",
pages = "67 - 95",
year = "2017",
issn = "0950-5849",
doi = "https://doi.org/10.1016/j.infsof.2017.04.001",
url = "http://www.sciencedirect.com/science/article/pii/S0950584917302987",
author = "Li Li and Tegawendé F. Bissyandé and Mike Papadakis and Siegfried Rasthofer and Alexandre Bartel and Damien Octeau and Jacques Klein and Le Traon"
}
@article{OLSHER2015293,
title = "COLLEX: Solving Collective Action Problems in Development Contexts",
journal = "Procedia Engineering",
volume = "107",
pages = "293 - 300",
year = "2015",
note = "Humanitarian Technology: Science, Systems and Global Impact 2015, HumTech2015",
issn = "1877-7058",
doi = "https://doi.org/10.1016/j.proeng.2015.06.084",
url = "http://www.sciencedirect.com/science/article/pii/S1877705815010371",
author = "Daniel J. Olsher",
keywords = "Conflict Resolution, Humanitarian Response, Peacekeeping, Culture, Knowledge, Artificial Intelligence"
}
@article{TRKMAN201658,
title = "Using business process models to better understand the dependencies among user stories",
journal = "Information and Software Technology",
volume = "71",
pages = "58 - 76",
year = "2016",
issn = "0950-5849",
doi = "https://doi.org/10.1016/j.infsof.2015.10.006",
url = "http://www.sciencedirect.com/science/article/pii/S095058491500172X",
author = "Marina Trkman and Jan Mendling and Marjan Krisper",
keywords = "User story, Execution order dependency, Integration dependency, Context, Experiment"
}
@article{QUMER20081899,
title = "A framework to support the evaluation, adoption and improvement of agile methods in practice",
journal = "Journal of Systems and Software",
volume = "81",
number = "11",
pages = "1899 - 1919",
year = "2008",
issn = "0164-1212",
doi = "https://doi.org/10.1016/j.jss.2007.12.806",
url = "http://www.sciencedirect.com/science/article/pii/S0164121208000113",
author = "A. Qumer and B. Henderson-Sellers",
keywords = "Agile methodologies, Framework, Transition to agile, Industry case studies"
}
@article{LI20071120,
title = "A hierarchical mixture model for software reliability prediction",
journal = "Applied Mathematics and Computation",
volume = "185",
number = "2",
pages = "1120 - 1130",
year = "2007",
note = "Special Issue on Intelligent Computing Theory and Methodology",
issn = "0096-3003",
doi = "https://doi.org/10.1016/j.amc.2006.07.028",
url = "http://www.sciencedirect.com/science/article/pii/S0096300306008368",
author = "Shaoming Li and Qian Yin and Ping Guo and Michael R. Lyu",
keywords = "Software reliability model, HME, EM algorithm, Prediction"
}
@article{MUQTADIROH2017513,
title = "Usability Evaluation to Enhance Software Quality of Cultural Conservation System Based on Nielsen Model (WikiBudaya)",
journal = "Procedia Computer Science",
volume = "124",
pages = "513 - 521",
year = "2017",
note = "4th Information Systems International Conference 2017, ISICO 2017, 6-8 November 2017, Bali, Indonesia",
issn = "1877-0509",
doi = "https://doi.org/10.1016/j.procs.2017.12.184",
url = "http://www.sciencedirect.com/science/article/pii/S1877050917329526",
author = "Feby Artwodini Muqtadiroh and Hanim Maria Astuti and Eko Wahyu Tyas Darmaningrat and Fenty Rizky Aprilian",
keywords = "website encyclopedia, Indonesian culture, usability evaluation, software quality control, user testing, Nielsen Model, heuristic evaluation"
}
@article{BONAMI2008186,
title = "An algorithmic framework for convex mixed integer nonlinear programs",
journal = "Discrete Optimization",
volume = "5",
number = "2",
pages = "186 - 204",
year = "2008",
note = "In Memory of George B. Dantzig",
issn = "1572-5286",
doi = "https://doi.org/10.1016/j.disopt.2006.10.011",
url = "http://www.sciencedirect.com/science/article/pii/S1572528607000448",
author = "Pierre Bonami and Lorenz T. Biegler and Andrew R. Conn and Gérard Cornuéjols and Ignacio E. Grossmann and Carl D. Laird and Jon Lee and Andrea Lodi and François Margot and Nicolas Sawaya and Andreas Wächter",
keywords = "Mixed integer nonlinear programming, Branch-and-bound, Outer-approximation, Open-source, MINLP test problems"
}
@article{KIEHLE20061746,
title = "Business logic for geoprocessing of distributed geodata",
journal = "Computers & Geosciences",
volume = "32",
number = "10",
pages = "1746 - 1757",
year = "2006",
issn = "0098-3004",
doi = "https://doi.org/10.1016/j.cageo.2006.04.002",
url = "http://www.sciencedirect.com/science/article/pii/S0098300406000756",
author = "Christian Kiehle",
keywords = "Distributive geodata, Web-based information systems, Web service, Geo web service, Web-based geoprocessing"
}
@article{KRACHUNOV2014357,
title = "An approach to a metagenomic data processing workflow",
journal = "Journal of Computational Science",
volume = "5",
number = "3",
pages = "357 - 362",
year = "2014",
issn = "1877-7503",
doi = "https://doi.org/10.1016/j.jocs.2013.08.003",
url = "http://www.sciencedirect.com/science/article/pii/S1877750313000999",
author = "Milko Krachunov and Dimitar Vassilev",
keywords = "Metagenomics, Error detection, NGS data analysis workflow"
}
@article{VARSOU201783,
title = "MouseTox: An online toxicity assessment tool for small molecules through Enalos Cloud platform",
journal = "Food and Chemical Toxicology",
volume = "110",
pages = "83 - 93",
year = "2017",
issn = "0278-6915",
doi = "https://doi.org/10.1016/j.fct.2017.09.058",
url = "http://www.sciencedirect.com/science/article/pii/S027869151730577X",
author = "Dimitra-Danai Varsou and Georgia Melagraki and Haralambos Sarimveis and Antreas Afantitis",
keywords = "Enalos+ KNIME nodes, Cytotoxicity, KNIME workflow, Random forest, Predictive model, Enalos cloud platform"
}
@article{FILS2009774,
title = "CHRONOS architecture: Experiences with an open-source services-oriented architecture for geoinformatics",
journal = "Computers & Geosciences",
volume = "35",
number = "4",
pages = "774 - 782",
year = "2009",
note = "Geoscience Knowledge Representation in Cyberinfrastructure",
issn = "0098-3004",
doi = "https://doi.org/10.1016/j.cageo.2008.02.035",
url = "http://www.sciencedirect.com/science/article/pii/S0098300408002392",
author = "D. Fils and C. Cervato and J. Reed and P. Diver and X. Tang and G. Bohling and D. Greer",
keywords = "Services-oriented architecture, RDF, Microformats, Web services, GeoSciML, Semantics"
}
@article{UNPHON20102211,
title = "Software architecture awareness in long-term software product evolution",
journal = "Journal of Systems and Software",
volume = "83",
number = "11",
pages = "2211 - 2226",
year = "2010",
note = "Interplay between Usability Evaluation and Software Development",
issn = "0164-1212",
doi = "https://doi.org/10.1016/j.jss.2010.06.043",
url = "http://www.sciencedirect.com/science/article/pii/S0164121210001743",
author = "Hataichanok Unphon and Yvonne Dittrich",
keywords = "Software products, Long-term evolution, Cooperative and human aspects, Software architecture, Architecture knowledge management, Qualitative empirical studies"
}
@incollection{MACK1995170,
title = "Usability Inspection Methods: Executive Summary",
editor = "RONALD M. BAECKER and JONATHAN GRUDIN and WILLIAM A.S. BUXTON and SAUL GREENBERG",
booktitle = "Readings in Human–Computer Interaction",
publisher = "Morgan Kaufmann",
pages = "170 - 181",
year = "1995",
series = "Interactive Technologies",
isbn = "978-0-08-051574-8",
doi = "https://doi.org/10.1016/B978-0-08-051574-8.50020-0",
url = "http://www.sciencedirect.com/science/article/pii/B9780080515748500200",
author = "Robert L. Mack and Jakob Nielsen"
}
@article{FILGUEIRAS1995449,
title = "APIIS: A Method for Analysis and Prototyping Interaction Intense Software",
journal = "IFAC Proceedings Volumes",
volume = "28",
number = "15",
pages = "449 - 454",
year = "1995",
note = "6th IFAC/IFIP/IFORS/IEA Symposium on Analysis, Design and Evaluation of Man-Machine Systems 1995, Cambridge, MA, USA, 27-29 June 1995",
issn = "1474-6670",
doi = "https://doi.org/10.1016/S1474-6670(17)45273-6",
url = "http://www.sciencedirect.com/science/article/pii/S1474667017452736",
author = "Lúcia Vilela Leite Filgueiras and Selma Shin Shimizu Melnikoff",
keywords = "human-machine interface, object modelling techniques, software engineering, human-centered design, operators, tasks"
}
@article{LAHER2016177,
title = "Thoth: Software for data visualization & statistics",
journal = "Astronomy and Computing",
volume = "17",
pages = "177 - 185",
year = "2016",
issn = "2213-1337",
doi = "https://doi.org/10.1016/j.ascom.2016.09.003",
url = "http://www.sciencedirect.com/science/article/pii/S2213133716300506",
author = "R.R. Laher",
keywords = "Data analysis, Visual analytics, Visualization, Graphing, Plotting, Statistics, Research, Education"
}
@article{CIANCARINI20099,
title = "Detecting clones in game-playing software",
journal = "Entertainment Computing",
volume = "1",
number = "1",
pages = "9 - 15",
year = "2009",
issn = "1875-9521",
doi = "https://doi.org/10.1016/j.entcom.2009.06.001",
url = "http://www.sciencedirect.com/science/article/pii/S1875952109000020",
author = "Paolo Ciancarini and Gian Piero Favini",
keywords = "Computer chess, Software cloning, Software forensic"
}
@article{COLLONVILLE20088455,
title = "A metamodeling approach for safe control software",
journal = "IFAC Proceedings Volumes",
volume = "41",
number = "2",
pages = "8455 - 8460",
year = "2008",
note = "17th IFAC World Congress",
issn = "1474-6670",
doi = "https://doi.org/10.3182/20080706-5-KR-1001.01429",
url = "http://www.sciencedirect.com/science/article/pii/S1474667016403095",
author = "T. Collonvillé and L. Thiry and J-M. Perronne and B. Thirion",
keywords = "Model Driven Engineering, Concurrent Systems, Supervisory Control, Model Checking"
}
@article{WIERINGA201419,
title = "Empirical research methods for technology validation: Scaling up to practice",
journal = "Journal of Systems and Software",
volume = "95",
pages = "19 - 31",
year = "2014",
issn = "0164-1212",
doi = "https://doi.org/10.1016/j.jss.2013.11.1097",
url = "http://www.sciencedirect.com/science/article/pii/S0164121213002793",
author = "Roel Wieringa",
keywords = "Empirical research methodology, Technology validation, Scaling up to practice"
}
@article{PURDY2008578,
title = "A test plan for an on-line whole building energy calculator",
journal = "Building and Environment",
volume = "43",
number = "4",
pages = "578 - 587",
year = "2008",
note = "Part Special: Building Performance Simulation",
issn = "0360-1323",
doi = "https://doi.org/10.1016/j.buildenv.2006.06.033",
url = "http://www.sciencedirect.com/science/article/pii/S0360132306003283",
author = "J. Purdy and A. Ferguson and S. Mombourquette and K. Haddad and P. Lopez and P. Wyndham-Wheeler and S. Henry",
keywords = "Energy simulation, Software testing"
}
@article{ARGENT2001351,
title = "Land and water resources model integration: software engineering and beyond",
journal = "Advances in Environmental Research",
volume = "5",
number = "4",
pages = "351 - 359",
year = "2001",
note = "International Symposium on Environmental Software Systems (ISESS 2000)",
issn = "1093-0191",
doi = "https://doi.org/10.1016/S1093-0191(01)00086-7",
url = "http://www.sciencedirect.com/science/article/pii/S1093019101000867",
author = "R.M. Argent and B. Houghton",
keywords = "Environmental management, Integrated modelling, Problem solving environments, Simulation modelling, Software engineering"
}
@article{ZHANG20142951,
title = "CUIRRE: An open-source library for load balancing and characterizing irregular applications on GPUs",
journal = "Journal of Parallel and Distributed Computing",
volume = "74",
number = "10",
pages = "2951 - 2966",
year = "2014",
issn = "0743-7315",
doi = "https://doi.org/10.1016/j.jpdc.2014.07.004",
url = "http://www.sciencedirect.com/science/article/pii/S0743731514001269",
author = "Tao Zhang and Wei Shu and Min-You Wu",
keywords = "Load balancing, Characterizing, Library, Irregular, GPU"
}
@article{PAIGE1999157,
title = "When are methods complementary?",
journal = "Information and Software Technology",
volume = "41",
number = "3",
pages = "157 - 162",
year = "1999",
issn = "0950-5849",
doi = "https://doi.org/10.1016/S0950-5849(98)00119-0",
url = "http://www.sciencedirect.com/science/article/pii/S0950584998001190",
author = "RichardF. Paige",
keywords = "Software development methods, Complementarity, Method integration, Software process, Specification language"
}
@article{TSAI1989239,
title = "Knowledge-based system for rapid prototyping",
journal = "Knowledge-Based Systems",
volume = "2",
number = "4",
pages = "239 - 248",
year = "1989",
issn = "0950-7051",
doi = "https://doi.org/10.1016/0950-7051(89)90068-3",
url = "http://www.sciencedirect.com/science/article/pii/0950705189900683",
author = "Jeffrey J.P. Tsai and Alan Liu",
keywords = "artificial intelligence, software engineering, rapid prototyping, frames, knowledge-based software system"
}
@article{SANTINI2018,
title = "PuRe: Robust pupil detection for real-time pervasive eye tracking",
journal = "Computer Vision and Image Understanding",
year = "2018",
issn = "1077-3142",
doi = "https://doi.org/10.1016/j.cviu.2018.02.002",
url = "http://www.sciencedirect.com/science/article/pii/S1077314218300146",
author = "Thiago Santini and Wolfgang Fuhl and Enkelejda Kasneci",
keywords = "Pupil detection, Pervasive, Eye tracking, Embedded"
}
@article{RAUTERBERG1992121,
title = "Work organization and software development",
journal = "Annual Review in Automatic Programming",
volume = "16",
pages = "121 - 128",
year = "1992",
note = "Experience with the management of software projects 1992",
issn = "0066-4138",
doi = "https://doi.org/10.1016/0066-4138(92)90019-L",
url = "http://www.sciencedirect.com/science/article/pii/006641389290019L",
author = "M Rauterberg and O Strohm",
keywords = "software development, user participation, prototyping, iterative cyclic process model"
}
@article{SEITINGER2016,
title = "Executable medical guidelines with Arden Syntax—Applications in dermatology and obstetrics",
journal = "Artificial Intelligence in Medicine",
year = "2016",
issn = "0933-3657",
doi = "https://doi.org/10.1016/j.artmed.2016.08.003",
url = "http://www.sciencedirect.com/science/article/pii/S0933365716303219",
author = "Alexander Seitinger and Andrea Rappelsberger and Harald Leitich and Michael Binder and Klaus-Peter Adlassnig",
keywords = "Clinical decision support, Arden Syntax, Fuzzy set theory and logic, Medical practice guidelines, Standard operating procedures, Dermatology, Lyme borreliosis, Obstetrics"
}
@article{KLAUSECKER20102105,
title = "Workshop on tools for program development and analysis in computational science",
journal = "Procedia Computer Science",
volume = "1",
number = "1",
pages = "2105",
year = "2010",
note = "ICCS 2010",
issn = "1877-0509",
doi = "https://doi.org/10.1016/j.procs.2010.04.235",
url = "http://www.sciencedirect.com/science/article/pii/S187705091000236X",
author = "Christof Klausecker and Arndt Bode and Andreas Knüpfer and Dieter Kranzlmüller and Jie Tao and Jens Volkert and Roland Wismüller",
keywords = "Parallel and distributed computing, Program development, Performance analysis, Debugging tools, Program optimization, Resource management"
}
@article{GATZHAMMER2010681,
title = "A coupling environment for partitioned multiphysics simulations applied to fluid-structure interaction scenarios",
journal = "Procedia Computer Science",
volume = "1",
number = "1",
pages = "681 - 689",
year = "2010",
note = "ICCS 2010",
issn = "1877-0509",
doi = "https://doi.org/10.1016/j.procs.2010.04.073",
url = "http://www.sciencedirect.com/science/article/pii/S1877050910000748",
author = "Bernhard Gatzhammer and Miriam Mehl and Tobias Neckel",
keywords = "Partitioned coupling, Coupling algorithms, Fluid-structure interaction, Coupling tool, Octree"
}
@article{SAMELA2018,
title = "A GIS tool for cost-effective delineation of flood-prone areas",
journal = "Computers, Environment and Urban Systems",
year = "2018",
issn = "0198-9715",
doi = "https://doi.org/10.1016/j.compenvurbsys.2018.01.013",
url = "http://www.sciencedirect.com/science/article/pii/S0198971517303794",
author = "Caterina Samela and Raffaele Albano and Aurelia Sole and Salvatore Manfreda",
keywords = "Flood susceptibility, Digital Elevation Model (DEM), Geomorphic Flood Index, Linear binary classification, Data scarce environments, Geographic Information System (GIS)"
}
@article{PRAKASH2012384,
title = "Application of Data Mining Techniques for Software Reuse Process",
journal = "Procedia Technology",
volume = "4",
pages = "384 - 389",
year = "2012",
note = "2nd International Conference on Computer, Communication, Control and Information Technology( C3IT-2012) on February 25 - 26, 2012",
issn = "2212-0173",
doi = "https://doi.org/10.1016/j.protcy.2012.05.059",
url = "http://www.sciencedirect.com/science/article/pii/S2212017312003386",
author = "B.V. Ajay Prakash and D.V. Ashoka and V.N. Manjunath Aradhya",
keywords = "Software reuse, Software Metrics, Decision Tress, Clustering and Classification"
}
@article{SAHRAOUI1992327,
title = "Control software prototyping",
journal = "Computers in Industry",
volume = "20",
number = "3",
pages = "327 - 334",
year = "1992",
issn = "0166-3615",
doi = "https://doi.org/10.1016/0166-3615(92)90081-W",
url = "http://www.sciencedirect.com/science/article/pii/016636159290081W",
author = "A.E.K. Sahraoui and N. Ould-Kaddour",
keywords = "Software engineering, Control, Prototyping, Petrinets, Ada, Modula-2"
}
@article{ROLLINS201459,
title = "A Computational Model Library for publishing model documentation and code",
journal = "Environmental Modelling & Software",
volume = "61",
pages = "59 - 64",
year = "2014",
issn = "1364-8152",
doi = "https://doi.org/10.1016/j.envsoft.2014.06.022",
url = "http://www.sciencedirect.com/science/article/pii/S1364815214001959",
author = "Nathan D. Rollins and C. Michael Barton and Sean Bergin and Marco A. Janssen and Allen Lee",
keywords = "Model archive, Open source, Computational modeling, Documentation, Agent-based modeling"
}
@article{JIANG20003,
title = "Software development risks to project effectiveness",
journal = "Journal of Systems and Software",
volume = "52",
number = "1",
pages = "3 - 10",
year = "2000",
issn = "0164-1212",
doi = "https://doi.org/10.1016/S0164-1212(99)00128-4",
url = "http://www.sciencedirect.com/science/article/pii/S0164121299001284",
author = "James Jiang and Gary Klein"
}
@article{LOPEZMARTIN2015127,
title = "Neural networks for predicting the duration of new software projects",
journal = "Journal of Systems and Software",
volume = "101",
pages = "127 - 135",
year = "2015",
issn = "0164-1212",
doi = "https://doi.org/10.1016/j.jss.2014.12.002",
url = "http://www.sciencedirect.com/science/article/pii/S0164121214002805",
author = "Cuauhtémoc López-Martín and Alain Abran",
keywords = "Software project duration prediction, Radial basis function neural network, Multilayer feedforward neural network"
}
@article{ARCELLI2018366,
title = "Performance-driven software model refactoring",
journal = "Information and Software Technology",
volume = "95",
pages = "366 - 397",
year = "2018",
issn = "0950-5849",
doi = "https://doi.org/10.1016/j.infsof.2017.09.006",
url = "http://www.sciencedirect.com/science/article/pii/S0950584917301787",
author = "Davide Arcelli and Vittorio Cortellessa and Daniele Di Pompeo",
keywords = "Model-driven engineering, UML, Software refactoring, Performance engineering, Performance antipatterns"
}
@article{TRAN1988693,
title = "Software metrics: Measuring the progress of software development",
journal = "Microelectronics Reliability",
volume = "28",
number = "5",
pages = "693 - 702",
year = "1988",
issn = "0026-2714",
doi = "https://doi.org/10.1016/0026-2714(88)90005-4",
url = "http://www.sciencedirect.com/science/article/pii/0026271488900054",
author = "Tuyet-Lan Tran and Yosef S. Sherif"
}
@article{DELUCIA2013741,
title = "Applying a smoothing filter to improve IR-based traceability recovery processes: An empirical investigation",
journal = "Information and Software Technology",
volume = "55",
number = "4",
pages = "741 - 754",
year = "2013",
issn = "0950-5849",
doi = "https://doi.org/10.1016/j.infsof.2012.08.002",
url = "http://www.sciencedirect.com/science/article/pii/S0950584912001565",
author = "Andrea De Lucia and Massimiliano Di Penta and Rocco Oliveto and Annibale Panichella and Sebastiano Panichella",
keywords = "Software traceability, Information retrieval, Smoothing filters, Empirical software engineering"
}
@article{WATTSSUSSMAN199923,
title = "Antidotes for high complexity and ambiguity in software development1Note: The original version of this paper was published in the Proceedings of the Thirtieth Annual Hawaii International Conference on System Sciences (Vol. III, p. 158), Jan. 1977, where it won the award for the best paper in the Organizational Systems and Technology Segment of the Information Systems Track. IEEE Society has given permission for this modified version to be published elsewhere.1",
journal = "Information & Management",
volume = "36",
number = "1",
pages = "23 - 35",
year = "1999",
issn = "0378-7206",
doi = "https://doi.org/10.1016/S0378-7206(99)00005-1",
url = "http://www.sciencedirect.com/science/article/pii/S0378720699000051",
author = "Stephanie Watts Sussman and P.J Guinan",
keywords = "Complexity, Ambiguity, Conflict resolution, Modularity, Task–technology fit, Software development, Teams, Survey research, Moderation analysis"
}
@article{WIECH2017190,
title = "Development of an Optical Object Detection Solution for Defect Prevention in a Learning Factory",
journal = "Procedia Manufacturing",
volume = "9",
pages = "190 - 197",
year = "2017",
note = "7th Conference on Learning Factories, CLF 2017",
issn = "2351-9789",
doi = "https://doi.org/10.1016/j.promfg.2017.04.037",
url = "http://www.sciencedirect.com/science/article/pii/S2351978917301555",
author = "Michael Wiech and Jörg Böllhoff and Joachim Metternich",
keywords = "Learning Factory, Industrie 4.0, Digitaliziaton, Object Detection, Error Detection, Poka-Yoke, Raspberry Pi, Low Cost Automation"
}
@article{PANETTO2008641,
title = "Enterprise integration and interoperability in manufacturing systems: Trends and issues",
journal = "Computers in Industry",
volume = "59",
number = "7",
pages = "641 - 646",
year = "2008",
note = "Enterprise Integration and Interoperability in Manufacturing Systems",
issn = "0166-3615",
doi = "https://doi.org/10.1016/j.compind.2007.12.010",
url = "http://www.sciencedirect.com/science/article/pii/S0166361508000353",
author = "Hervé Panetto and Arturo Molina",
keywords = "Communication technologies, Manufacturing enterprise, Enterprise integration, Manufacturing systems, Interoperability"
}
@incollection{ELDER2012453,
title = "20 - Extreme scale clinical analytics with open source software",
editor = "Lee Harland and Mark Forster",
booktitle = "Open Source Software in Life Science Research",
publisher = "Woodhead Publishing",
pages = "453 - 480",
year = "2012",
series = "Woodhead Publishing Series in Biomedicine",
isbn = "978-1-907568-97-8",
doi = "https://doi.org/10.1533/9781908818249.453",
url = "http://www.sciencedirect.com/science/article/pii/B9781907568978500205",
author = "Kirk Elder and Brian Ellenberger",
keywords = "clinical data, ICD10, HL7, electronic health records, Big Data"
}
@article{PARIZEK2007143,
title = "Specification and Generation of Environment for Model Checking of Software Components",
journal = "Electronic Notes in Theoretical Computer Science",
volume = "176",
number = "2",
pages = "143 - 154",
year = "2007",
note = "Proceedings of the Workshop on Formal Foundations of Embedded Software and Component-Based Software Architectures (FESCA 2006)",
issn = "1571-0661",
doi = "https://doi.org/10.1016/j.entcs.2006.02.036",
url = "http://www.sciencedirect.com/science/article/pii/S1571066107002095",
author = "Pavel Parizek and Frantisek Plasil",
keywords = "Software components, behavior protocols, model checking, automated generation of environment"
}
@article{RUFIANGE2014231,
title = "Visualizing protected variations in evolving software designs",
journal = "Journal of Systems and Software",
volume = "88",
pages = "231 - 249",
year = "2014",
issn = "0164-1212",
doi = "https://doi.org/10.1016/j.jss.2013.10.044",
url = "http://www.sciencedirect.com/science/article/pii/S016412121300263X",
author = "Sébastien Rufiange and Christopher P. Fuhrman",
keywords = "Software visualization, Software design, Information hiding, Software evolution"
}
@article{KORTHAUS2007130,
title = "Leveraging Semantic Web technologies for business component specification",
journal = "Web Semantics: Science, Services and Agents on the World Wide Web",
volume = "5",
number = "2",
pages = "130 - 141",
year = "2007",
note = "Software Engineering and the Semantic Web",
issn = "1570-8268",
doi = "https://doi.org/10.1016/j.websem.2006.11.005",
url = "http://www.sciencedirect.com/science/article/pii/S1570826807000054",
author = "Axel Korthaus and Michael Schwind and Stefan Seedorf",
keywords = "Semantic Web-enabled software engineering, Business component reuse, Semantic components, Component ontology"
}
@article{MAYESHIBA201790,
title = "The MAterials Simulation Toolkit (MAST) for atomistic modeling of defects and diffusion",
journal = "Computational Materials Science",
volume = "126",
pages = "90 - 102",
year = "2017",
issn = "0927-0256",
doi = "https://doi.org/10.1016/j.commatsci.2016.09.018",
url = "http://www.sciencedirect.com/science/article/pii/S0927025616304591",
author = "Tam Mayeshiba and Henry Wu and Thomas Angsten and Amy Kaczmarowski and Zhewen Song and Glen Jenness and Wei Xie and Dane Morgan",
keywords = "Ab-initio, Defect, Diffusion, DFT, Atomic, Simulation"
}
@article{DESOUZA2018245,
title = "Contextualizing spectrum-based fault localization",
journal = "Information and Software Technology",
volume = "94",
pages = "245 - 261",
year = "2018",
issn = "0950-5849",
doi = "https://doi.org/10.1016/j.infsof.2017.10.014",
url = "http://www.sciencedirect.com/science/article/pii/S0950584916302786",
author = "Higor A. de Souza and Danilo Mutti and Marcos L. Chaim and Fabio Kon",
keywords = "Spectrum-based fault localization, Automated debugging, Contextual information, Method-level spectrum, Code structure"
}
@article{MENSAH20181,
title = "Duplex output software effort estimation model with self-guided interpretation",
journal = "Information and Software Technology",
volume = "94",
pages = "1 - 13",
year = "2018",
issn = "0950-5849",
doi = "https://doi.org/10.1016/j.infsof.2017.09.010",
url = "http://www.sciencedirect.com/science/article/pii/S0950584916304025",
author = "Solomon Mensah and Jacky Keung and Michael Franklin Bosu and Kwabena Ebo Bennin",
keywords = "Duplex output, Effort estimation, Effort classification, Multiple regression models"
}
@incollection{1995311,
title = "18 - C++ Concurrency Support",
editor = "Kjell Nielsen",
booktitle = "Software Development with C++",
publisher = "Academic Press",
pages = "311 - 315",
year = "1995",
isbn = "978-0-12-518420-5",
doi = "https://doi.org/10.1016/B978-0-12-518420-5.50026-2",
url = "http://www.sciencedirect.com/science/article/pii/B9780125184205500262"
}
@article{ARSENE20119011,
title = "Design patterns multiagents driven for software development",
journal = "IFAC Proceedings Volumes",
volume = "44",
number = "1",
pages = "9011 - 9016",
year = "2011",
note = "18th IFAC World Congress",
issn = "1474-6670",
doi = "https://doi.org/10.3182/20110828-6-IT-1002.02864",
url = "http://www.sciencedirect.com/science/article/pii/S1474667016450585",
author = "O. Arsene and I. Dumitrache",
keywords = "Software architecture, MultiAgent Systems, Software patterns"
}
@incollection{ARCHIBALD2005255,
title = "Chapter 10 - Modifying Snort",
editor = "Neil Archibald and Gilbert Ramirez and Noam Rathaus and Josh Burke and Brian Caswell and Renaud Deraison",
booktitle = "Nessus, Snort, & Ethereal Power Tools",
publisher = "Syngress",
address = "Burlington",
pages = "255 - 276",
year = "2005",
isbn = "978-1-59749-020-7",
doi = "https://doi.org/10.1016/B978-159749020-7/50015-X",
url = "http://www.sciencedirect.com/science/article/pii/B978159749020750015X",
author = "Neil Archibald and Gilbert Ramirez and Noam Rathaus and Josh Burke and Brian Caswell and Renaud Deraison"
}
@article{SADKHAN2015350,
title = "Simulink Based Implementation of Developed A5/1 Stream Cipher Cryptosystems",
journal = "Procedia Computer Science",
volume = "65",
pages = "350 - 357",
year = "2015",
note = "International Conference on Communications, management, and Information technology (ICCMIT'2015)",
issn = "1877-0509",
doi = "https://doi.org/10.1016/j.procs.2015.09.096",
url = "http://www.sciencedirect.com/science/article/pii/S1877050915029269",
author = "Sattar B. Sadkhan and Nibras Hadi Jawad",
keywords = "GSM, Encryption, A5/1 stream cipher, Clocking Unit, SIMULINK, Develop, Statistical testing."
}
@article{LAKEL201516,
title = "Dynamic Evaluation of Ontologies",
journal = "Procedia Computer Science",
volume = "73",
pages = "16 - 23",
year = "2015",
note = "International Conference on Advanced Wireless Information and Communication Technologies (AWICT 2015)",
issn = "1877-0509",
doi = "https://doi.org/10.1016/j.procs.2015.12.043",
url = "http://www.sciencedirect.com/science/article/pii/S1877050915035048",
author = "Kheira Lakel and Fatima Bendella",
keywords = "Construction of ontology, ontology learning, ontology engineering, Semantic Web, multi-agent systems, ontology,"
}
@article{SEABRA2015816,
title = "Project Management on Multimedia Projects: Preliminary Results on Communication, Interaction and Team Work Dynamics",
journal = "Procedia Computer Science",
volume = "64",
pages = "816 - 823",
year = "2015",
note = "Conference on ENTERprise Information Systems/International Conference on Project MANagement/Conference on Health and Social Care Information Systems and Technologies, CENTERIS/ProjMAN / HCist 2015 October 7-9, 2015",
issn = "1877-0509",
doi = "https://doi.org/10.1016/j.procs.2015.08.633",
url = "http://www.sciencedirect.com/science/article/pii/S1877050915027684",
author = "Carolina Seabra and Ana Margarida Almeida",
keywords = "multimedia, project management, agile, communication, interaction, team work."
}
@article{SOUSA2012195,
title = "Evaluating a graphical notation for modelling software development methodologies",
journal = "Journal of Visual Languages & Computing",
volume = "23",
number = "4",
pages = "195 - 212",
year = "2012",
issn = "1045-926X",
doi = "https://doi.org/10.1016/j.jvlc.2012.04.001",
url = "http://www.sciencedirect.com/science/article/pii/S1045926X12000237",
author = "Kenia Sousa and Jean Vanderdonckt and Brian Henderson-Sellers and Cesar Gonzalez-Perez",
keywords = "Software development methodologies, Method engineering, Graphical notation, Cognitive dimensions"
}
@article{LEDOUX2014121,
title = "A triangulation-based approach to automatically repair GIS polygons",
journal = "Computers & Geosciences",
volume = "66",
pages = "121 - 131",
year = "2014",
issn = "0098-3004",
doi = "https://doi.org/10.1016/j.cageo.2014.01.009",
url = "http://www.sciencedirect.com/science/article/pii/S009830041400020X",
author = "Hugo Ledoux and Ken Arroyo Ohori and Martijn Meijers",
keywords = "Constrained triangulation, Repair, Validation, Quality of data"
}
@article{VANASSCHE1988227,
title = "Information systems development: a rule-based approach",
journal = "Knowledge-Based Systems",
volume = "1",
number = "4",
pages = "227 - 234",
year = "1988",
issn = "0950-7051",
doi = "https://doi.org/10.1016/0950-7051(88)90033-0",
url = "http://www.sciencedirect.com/science/article/pii/0950705188900330",
author = "F. Van Assche and P. Layzell and P. Loucopoulos and G. Speltincx",
keywords = "software engineering, software tools, information systems, programming environment, RUBRIC"
}
@article{HAWKINS200652,
title = "The automated counting of spots for the ELISpot assay",
journal = "Journal of Immunological Methods",
volume = "316",
number = "1",
pages = "52 - 58",
year = "2006",
issn = "0022-1759",
doi = "https://doi.org/10.1016/j.jim.2006.08.005",
url = "http://www.sciencedirect.com/science/article/pii/S0022175906002237",
author = "Natalie Hawkins and Steve Self and Jon Wakefield",
keywords = "Automated spot counting, ELISpot assay, Image analysis, Generalized linear models"
}
@article{SYKES2011385,
title = "Interruptions in the workplace: A case study to reduce their effects",
journal = "International Journal of Information Management",
volume = "31",
number = "4",
pages = "385 - 394",
year = "2011",
issn = "0268-4012",
doi = "https://doi.org/10.1016/j.ijinfomgt.2010.10.010",
url = "http://www.sciencedirect.com/science/article/pii/S0268401210001568",
author = "Edward R. Sykes",
keywords = "Employee interruptions, Computer-based interruptions, Workplace communication, Productivity, Employee effectiveness"
}
@incollection{WILLIAMS201413,
title = "Chapter 2 - An Introduction to Phylogenetics and the Tree of Life",
editor = "Michael Goodfellow and Iain Sutcliffe and Jongsik Chun",
series = "Methods in Microbiology",
publisher = "Academic Press",
volume = "41",
pages = "13 - 44",
year = "2014",
booktitle = "New Approaches to Prokaryotic Systematics",
issn = "0580-9517",
doi = "https://doi.org/10.1016/bs.mim.2014.05.001",
url = "http://www.sciencedirect.com/science/article/pii/S0580951714000026",
author = "Tom A. Williams and Sarah E. Heaps",
keywords = "Phylogenetics, Tree of life, Statistical inference, Model choice"
}
@article{JORGENSEN20111382,
title = "Contrasting ideal and realistic conditions as a means to improve judgment-based software development effort estimation",
journal = "Information and Software Technology",
volume = "53",
number = "12",
pages = "1382 - 1390",
year = "2011",
issn = "0950-5849",
doi = "https://doi.org/10.1016/j.infsof.2011.07.001",
url = "http://www.sciencedirect.com/science/article/pii/S0950584911001595",
author = "Magne Jørgensen",
keywords = "Effort estimation, Expert estimation, Human judgment"
}
@article{PYTEL20151,
title = "Feasibility and effort estimation models for medium and small size information mining projects",
journal = "Information Systems",
volume = "47",
pages = "1 - 14",
year = "2015",
issn = "0306-4379",
doi = "https://doi.org/10.1016/j.is.2014.06.004",
url = "http://www.sciencedirect.com/science/article/pii/S0306437914000969",
author = "Pablo Pytel and Alejandro Hossian and Paola Britos and Ramón García-Martínez",
keywords = "Data mining, Effort estimation model, Feasibility model, SMEs"
}
@incollection{EVRON200791,
title = "Chapter 7 - Integration of Fuzzing in the Development Cycle",
editor = "Gadi Evron and Noam Rathaus",
booktitle = "Open Source Fuzzing Tools",
publisher = "Syngress",
address = "Burlington",
pages = "91 - 131",
year = "2007",
isbn = "978-1-59749-195-2",
doi = "https://doi.org/10.1016/B978-159749195-2.00007-3",
url = "http://www.sciencedirect.com/science/article/pii/B9781597491952000073",
author = "Gadi Evron and Noam Rathaus"
}
@incollection{GARDNER2012299,
title = "13 - Free and open source software for web-based collaboration",
editor = "Lee Harland and Mark Forster",
booktitle = "Open Source Software in Life Science Research",
publisher = "Woodhead Publishing",
pages = "299 - 323",
year = "2012",
series = "Woodhead Publishing Series in Biomedicine",
isbn = "978-1-907568-97-8",
doi = "https://doi.org/10.1533/9781908818249.299",
url = "http://www.sciencedirect.com/science/article/pii/B9781907568978500138",
author = "Ben Gardner and Simon Revell",
keywords = "MediaWiki, collaboration, Web 2.0, social networking, teamworking"
}
@article{GRANDEK2004161,
title = "A29: Software design of communication tasks in Grafcet",
journal = "IFAC Proceedings Volumes",
volume = "37",
number = "20",
pages = "161 - 165",
year = "2004",
note = "IFAC Workshop on Programmable Devices and Systems - PDS 2004, Cracow, Poland, November 18-19, 2004",
issn = "1474-6670",
doi = "https://doi.org/10.1016/S1474-6670(17)30590-6",
url = "http://www.sciencedirect.com/science/article/pii/S1474667017305906",
author = "Karol Grandek and Janusz Wrzuszczak",
keywords = "distributed control system, communication protocols"
}
@article{PLAMONDON1986417,
title = "Course design using software engineering methods",
journal = "Computers & Education",
volume = "10",
number = "4",
pages = "417 - 427",
year = "1986",
issn = "0360-1315",
doi = "https://doi.org/10.1016/0360-1315(86)90018-7",
url = "http://www.sciencedirect.com/science/article/pii/0360131586900187",
author = "Réjean Plamondon and Jean-Guy Deschênes"
}
@article{MISERUS2006195,
title = "Development and validation of novel imaging technologies to assist translational studies in atherosclerosis",
journal = "Drug Discovery Today: Technologies",
volume = "3",
number = "2",
pages = "195 - 204",
year = "2006",
issn = "1740-6749",
doi = "https://doi.org/10.1016/j.ddtec.2006.06.008",
url = "http://www.sciencedirect.com/science/article/pii/S1740674906000321",
author = "Robbert-Jan J.H.M. Miserus and Sylvia Heeneman and Jos M.A. van Engelshoven and Marianne Eline Kooi and Mat J.A.P. Daemen"
}
@article{WEI2016171,
title = "RT-ROS: A real-time ROS architecture on multi-core processors",
journal = "Future Generation Computer Systems",
volume = "56",
pages = "171 - 178",
year = "2016",
issn = "0167-739X",
doi = "https://doi.org/10.1016/j.future.2015.05.008",
url = "http://www.sciencedirect.com/science/article/pii/S0167739X15001831",
author = "Hongxing Wei and Zhenzhou Shao and Zhen Huang and Renhai Chen and Yong Guan and Jindong Tan and Zili Shao",
keywords = "Real-time operating systems, Robot Operating Systems, Multi-core processors"
}
@article{SOKOL20151763,
title = "Large-Scale Electron Microscopy Maps of Patient Skin and Mucosa Provide Insight into Pathogenesis of Blistering Diseases",
journal = "Journal of Investigative Dermatology",
volume = "135",
number = "7",
pages = "1763 - 1770",
year = "2015",
issn = "0022-202X",
doi = "https://doi.org/10.1038/jid.2015.109",
url = "http://www.sciencedirect.com/science/article/pii/S0022202X1537322X",
author = "Ena Sokol and Duco Kramer and Gilles F.H. Diercks and Jeroen Kuipers and Marcel F. Jonkman and Hendri H. Pas and Ben N.G. Giepmans"
}
@article{ZHU2018173,
title = "Automatic approach to deriving fuzzy slope positions",
journal = "Geomorphology",
volume = "304",
pages = "173 - 183",
year = "2018",
issn = "0169-555X",
doi = "https://doi.org/10.1016/j.geomorph.2017.12.024",
url = "http://www.sciencedirect.com/science/article/pii/S0169555X17300612",
author = "Liang-Jun Zhu and A-Xing Zhu and Cheng-Zhi Qin and Jun-Zhi Liu",
keywords = "Slope position, Fuzzy membership, Automation, Parallel computing"
}