@article{WEI2016171,
title = "RT-ROS: A real-time ROS architecture on multi-core processors",
journal = "Future Generation Computer Systems",
volume = "56",
pages = "171 - 178",
year = "2016",
issn = "0167-739X",
doi = "https://doi.org/10.1016/j.future.2015.05.008",
url = "http://www.sciencedirect.com/science/article/pii/S0167739X15001831",
author = "Hongxing Wei and Zhenzhou Shao and Zhen Huang and Renhai Chen and Yong Guan and Jindong Tan and Zili Shao",
keywords = "Real-time operating systems, Robot Operating Systems, Multi-core processors"
}
@article{RASSE2005173,
title = "TOWARDS A VALIDATED OBJECT ORIENTED DESIGN APPROACH TO CONTROL SOFTWARE",
journal = "IFAC Proceedings Volumes",
volume = "38",
number = "1",
pages = "173 - 178",
year = "2005",
note = "16th IFAC World Congress",
issn = "1474-6670",
doi = "https://doi.org/10.3182/20050703-6-CZ-1902.01070",
url = "http://www.sciencedirect.com/science/article/pii/S1474667016370823",
author = "Alban Rasse and Jean Marc Perronne and Bernard Thirion",
keywords = "Software Engineering, Control System Synthesis, Object Modeling Technique, Models, Validation, Implementation"
}
@article{MANJARRESRIESCO200057,
title = "A customisable framework for the assessment of therapies in the solution of therapy decision tasks",
journal = "Artificial Intelligence in Medicine",
volume = "18",
number = "1",
pages = "57 - 82",
year = "2000",
issn = "0933-3657",
doi = "https://doi.org/10.1016/S0933-3657(99)00029-9",
url = "http://www.sciencedirect.com/science/article/pii/S0933365799000299",
author = "Angeles Manjarrés Riesco and Rafael Martı́nez Tomás and José Mira Mira",
keywords = "Therapy decision task, Heuristic-multiattribute methods, Quality of life measures in health"
}
@article{SOKOL20151763,
title = "Large-Scale Electron Microscopy Maps of Patient Skin and Mucosa Provide Insight into Pathogenesis of Blistering Diseases",
journal = "Journal of Investigative Dermatology",
volume = "135",
number = "7",
pages = "1763 - 1770",
year = "2015",
issn = "0022-202X",
doi = "https://doi.org/10.1038/jid.2015.109",
url = "http://www.sciencedirect.com/science/article/pii/S0022202X1537322X",
author = "Ena Sokol and Duco Kramer and Gilles F.H. Diercks and Jeroen Kuipers and Marcel F. Jonkman and Hendri H. Pas and Ben N.G. Giepmans"
}
@article{BONINO2014112,
title = "Exploiting semantic technologies in smart environments and grids: Emerging roles and case studies",
journal = "Science of Computer Programming",
volume = "95",
pages = "112 - 134",
year = "2014",
note = "Special Issue on Systems Development by Means of Semantic Technologies",
issn = "0167-6423",
doi = "https://doi.org/10.1016/j.scico.2014.02.018",
url = "http://www.sciencedirect.com/science/article/pii/S0167642314000859",
author = "Dario Bonino and Giuseppe Procaccianti",
keywords = "Semantic technologies, Smart grid, Smart environments, Home automation, Ontologies"
}
@article{ZHU2018173,
title = "Automatic approach to deriving fuzzy slope positions",
journal = "Geomorphology",
volume = "304",
pages = "173 - 183",
year = "2018",
issn = "0169-555X",
doi = "https://doi.org/10.1016/j.geomorph.2017.12.024",
url = "http://www.sciencedirect.com/science/article/pii/S0169555X17300612",
author = "Liang-Jun Zhu and A-Xing Zhu and Cheng-Zhi Qin and Jun-Zhi Liu",
keywords = "Slope position, Fuzzy membership, Automation, Parallel computing"
}
@article{SHULL20051019,
title = "Simulating families of studies to build confidence in defect hypotheses",
journal = "Information and Software Technology",
volume = "47",
number = "15",
pages = "1019 - 1032",
year = "2005",
note = "Most Cited Journal Articles in Software Engineering - 1999",
issn = "0950-5849",
doi = "https://doi.org/10.1016/j.infsof.2005.09.007",
url = "http://www.sciencedirect.com/science/article/pii/S0950584905001321",
author = "Forrest Shull and Daniela Cruzes and Victor Basili and Manoel Mendonça"
}
@incollection{ANTONIOU199247,
title = "Logical Approaches to Structured Knowledge Bases",
editor = "B. du BOULAY and V. SGUREV",
booktitle = "Artificial Intelligence V",
publisher = "North-Holland",
address = "Amsterdam",
pages = "47 - 56",
year = "1992",
isbn = "978-0-444-89752-7",
doi = "https://doi.org/10.1016/B978-0-444-89752-7.50010-9",
url = "http://www.sciencedirect.com/science/article/pii/B9780444897527500109",
author = "Grigoris Antoniou"
}
@article{JAGER2000129,
title = "Generating tools from graph-based specifications",
journal = "Information and Software Technology",
volume = "42",
number = "2",
pages = "129 - 139",
year = "2000",
issn = "0950-5849",
doi = "https://doi.org/10.1016/S0950-5849(99)00085-3",
url = "http://www.sciencedirect.com/science/article/pii/S0950584999000853",
author = "D Jäger",
keywords = "Structure-oriented software engineering tools, Graph-based specification, Generation of tools"
}
@article{LUTSKY200063,
title = "Information extraction from documents for automating software testing",
journal = "Artificial Intelligence in Engineering",
volume = "14",
number = "1",
pages = "63 - 69",
year = "2000",
issn = "0954-1810",
doi = "https://doi.org/10.1016/S0954-1810(99)00024-2",
url = "http://www.sciencedirect.com/science/article/pii/S0954181099000242",
author = "Patricia Lutsky",
keywords = "Natural-language-based tools, Automated software testing, Information extraction"
}
@incollection{NOV20091,
title = "Chapter 1 Information Sharing and Social Computing: Why, What, and Where?",
series = "Advances in Computers",
publisher = "Elsevier",
volume = "76",
pages = "1 - 18",
year = "2009",
booktitle = "Social Networking and The Web",
issn = "0065-2458",
doi = "https://doi.org/10.1016/S0065-2458(09)01001-8",
url = "http://www.sciencedirect.com/science/article/pii/S0065245809010018",
author = "Oded Nov"
}
@article{BELLINI2004161,
title = "A distributed system for computer vision quality control of clinched boards",
journal = "Real-Time Imaging",
volume = "10",
number = "3",
pages = "161 - 176",
year = "2004",
issn = "1077-2014",
doi = "https://doi.org/10.1016/j.rti.2004.05.001",
url = "http://www.sciencedirect.com/science/article/pii/S1077201404000415",
author = "P. Bellini and I. Bruno and P. Nesi"
}
@article{ALVAREZCABRERA2010876,
title = "Towards automation of control software: A review of challenges in mechatronic design",
journal = "Mechatronics",
volume = "20",
number = "8",
pages = "876 - 886",
year = "2010",
note = "Special Issue on Theories and Methodologies for Mechatronics Design",
issn = "0957-4158",
doi = "https://doi.org/10.1016/j.mechatronics.2010.05.003",
url = "http://www.sciencedirect.com/science/article/pii/S0957415810000838",
author = "A.A. Alvarez Cabrera and M.J. Foeken and O.A. Tekin and K. Woestenenk and M.S. Erden and B. De Schutter and M.J.L. van Tooren and R. Babuška and F.J.A.M. van Houten and T. Tomiyama",
keywords = "Control software generation, Design methods, Design tools, Development challenges, Function modeling, Integration, Knowledge base, Mechatronics"
}
@article{GOOCH2012901,
title = "Lexical patterns, features and knowledge resources for coreference resolution in clinical notes",
journal = "Journal of Biomedical Informatics",
volume = "45",
number = "5",
pages = "901 - 912",
year = "2012",
note = "Text Mining and Natural Language Processing in Pharmacogenomics",
issn = "1532-0464",
doi = "https://doi.org/10.1016/j.jbi.2012.02.012",
url = "http://www.sciencedirect.com/science/article/pii/S1532046412000421",
author = "Phil Gooch and Abdul Roudsari",
keywords = "Natural language processing, Coreference resolution, Knowledge engineering, Clinical records, Algorithms"
}
@article{LUYTEN2006702,
title = "Designing distributed user interfaces for ambient intelligent environments using models and simulations",
journal = "Computers & Graphics",
volume = "30",
number = "5",
pages = "702 - 713",
year = "2006",
issn = "0097-8493",
doi = "https://doi.org/10.1016/j.cag.2006.07.004",
url = "http://www.sciencedirect.com/science/article/pii/S009784930600121X",
author = "Kris Luyten and Jan Van den Bergh and Chris Vandervelpen and Karin Coninx",
keywords = "Distributed user interfaces, UML, Model-driven engineering, Task migration"
}
@article{JAKOBSEN201841,
title = "Automated individual-level parcellation of Broca's region based on functional connectivity",
journal = "NeuroImage",
volume = "170",
pages = "41 - 53",
year = "2018",
note = "Segmenting the Brain",
issn = "1053-8119",
doi = "https://doi.org/10.1016/j.neuroimage.2016.09.069",
url = "http://www.sciencedirect.com/science/article/pii/S1053811916305468",
author = "Estrid Jakobsen and Franziskus Liem and Manousos A. Klados and Şeyma Bayrak and Michael Petrides and Daniel S. Margulies",
keywords = "FMRI, Neuroimaging, Cortical, Parcellation, Language"
}
@article{SENS1990423,
title = "Knowledge Representation in an Intelligent Tutoring System: Educational and Domain Knowledge for Automatic Control",
journal = "IFAC Proceedings Volumes",
volume = "23",
number = "8, Part 6",
pages = "423 - 428",
year = "1990",
note = "11th IFAC World Congress on Automatic Control, Tallinn, 1990 - Volume 6, Tallinn, Finland",
issn = "1474-6670",
doi = "https://doi.org/10.1016/S1474-6670(17)51458-5",
url = "http://www.sciencedirect.com/science/article/pii/S1474667017514585",
author = "U. Sens",
keywords = "Computer Aided Instruction, Intelligent Tutoring System, CA-Tools, Tutorial Knowledge, Domain Knowledge, Intelligent Help, OOD"
}
@incollection{DERSHOWITZ1986475,
title = "Program Abstraction and Instantiation  An earlier version of this paper was presented at the Fifth Conference on Software Engineering, San Diego, Calif., March 1981.",
editor = "Charles Rich and Richard C. Waters",
booktitle = "Readings in Artificial Intelligence and Software Engineering",
publisher = "Morgan Kaufmann",
pages = "475 - 490",
year = "1986",
isbn = "978-0-934613-12-5",
doi = "https://doi.org/10.1016/B978-0-934613-12-5.50040-9",
url = "http://www.sciencedirect.com/science/article/pii/B9780934613125500409",
author = "NACHUM DERSHOWITZ",
keywords = "Design, Verification, Abstraction, analogy, instantiation, program schemata"
}
@article{ROLDAN20101087,
title = "TracED: A tool for capturing and tracing engineering design processes",
journal = "Advances in Engineering Software",
volume = "41",
number = "9",
pages = "1087 - 1109",
year = "2010",
issn = "0965-9978",
doi = "https://doi.org/10.1016/j.advengsoft.2010.06.006",
url = "http://www.sciencedirect.com/science/article/pii/S0965997810000669",
author = "María Luciana Roldán and Silvio Gonnet and Horacio Leone",
keywords = "Design process support, Design history, Software architectures, Knowledge acquisition, Architectural design decisions, Operational approach"
}
@article{LEA1989403,
title = "Applications of fuzzy sets to rule-based expert system development",
journal = "Telematics and Informatics",
volume = "6",
number = "3",
pages = "403 - 406",
year = "1989",
issn = "0736-5853",
doi = "https://doi.org/10.1016/S0736-5853(89)80030-9",
url = "http://www.sciencedirect.com/science/article/pii/S0736585389800309",
author = "Robert N. Lea"
}
@incollection{PARTRIDGE1990375,
title = "Chapter 19 - Artificial intelligence and software engineering: A survey of possibilities",
editor = "Darrel Ince and Derek Andrews",
booktitle = "The Software Life Cycle",
publisher = "Butterworth-Heinemann",
pages = "375 - 385",
year = "1990",
isbn = "978-0-408-03741-9",
doi = "https://doi.org/10.1016/B978-0-408-03741-9.50027-1",
url = "http://www.sciencedirect.com/science/article/pii/B9780408037419500271",
author = "Derek Partridge"
}
@article{JARA2009126,
title = "Real-time collaboration of virtual laboratories through the Internet",
journal = "Computers & Education",
volume = "52",
number = "1",
pages = "126 - 140",
year = "2009",
issn = "0360-1315",
doi = "https://doi.org/10.1016/j.compedu.2008.07.007",
url = "http://www.sciencedirect.com/science/article/pii/S036013150800105X",
author = "Carlos A. Jara and Francisco A. Candelas and Fernando Torres and Sebastian Dormido and Francisco Esquembre and Oscar Reinoso",
keywords = "Collaborative learning, Distance education and telelearning, Interactive learning environments, Simulations"
}
@article{SHYR2014129,
title = "Usability study of clinical exome analysis software: Top lessons learned and recommendations",
journal = "Journal of Biomedical Informatics",
volume = "51",
pages = "129 - 136",
year = "2014",
issn = "1532-0464",
doi = "https://doi.org/10.1016/j.jbi.2014.05.004",
url = "http://www.sciencedirect.com/science/article/pii/S153204641400121X",
author = "Casper Shyr and Andre Kushniruk and Wyeth W. Wasserman",
keywords = "Exome, Genome, Whole-genome, Next-generation sequencing, Software interface, Usability"
}
@article{GALLARDO20131551,
title = "A model-driven and task-oriented method for the development of collaborative systems",
journal = "Journal of Network and Computer Applications",
volume = "36",
number = "6",
pages = "1551 - 1565",
year = "2013",
issn = "1084-8045",
doi = "https://doi.org/10.1016/j.jnca.2013.03.016",
url = "http://www.sciencedirect.com/science/article/pii/S1084804513001033",
author = "Jesús Gallardo and Ana I. Molina and Crescencio Bravo and Miguel A. Redondo",
keywords = "Model-driven software development, Groupware development, Model-based user interface development"
}
@article{VACARIU2004962,
title = "A multiagent cooperative mobile robotics approach for search and rescue missions",
journal = "IFAC Proceedings Volumes",
volume = "37",
number = "8",
pages = "962 - 967",
year = "2004",
note = "IFAC/EURON Symposium on Intelligent Autonomous Vehicles, Lisbon, Portugal, 5-7 July 2004",
issn = "1474-6670",
doi = "https://doi.org/10.1016/S1474-6670(17)32105-5",
url = "http://www.sciencedirect.com/science/article/pii/S1474667017321055",
author = "Lucia Vacariu and Blasko Peter Csaba and Ioan Alfred Letia and George Fodor and Octavian Cret",
keywords = "agents, architectures, autonomous mobile robots, communications, controller, cooperation"
}
@article{QU2014544,
title = "Pattern mining of cloned codes in software systems",
journal = "Information Sciences",
volume = "259",
pages = "544 - 554",
year = "2014",
issn = "0020-0255",
doi = "https://doi.org/10.1016/j.ins.2010.04.022",
url = "http://www.sciencedirect.com/science/article/pii/S0020025510001787",
author = "Wei Qu and Yuanyuan Jia and Michael Jiang",
keywords = "Pattern mining, Software clone detection, Software reuse detection, Software engineering"
}
@article{KOOPMANS2013129,
title = "Automated network triage",
journal = "Digital Investigation",
volume = "10",
number = "2",
pages = "129 - 137",
year = "2013",
note = "Triage in Digital Forensics",
issn = "1742-2876",
doi = "https://doi.org/10.1016/j.diin.2013.03.002",
url = "http://www.sciencedirect.com/science/article/pii/S1742287613000273",
author = "Martin B. Koopmans and Joshua I. James",
keywords = "Digital investigation automation, Digital forensic triage analysis, Digital forensic preview analysis, Open source digital forensic investigation, On scene digital analysis, Law Enforcement"
}
@article{TROIANO2014433,
title = "Genetic algorithms supporting generative design of user interfaces: Examples",
journal = "Information Sciences",
volume = "259",
pages = "433 - 451",
year = "2014",
issn = "0020-0255",
doi = "https://doi.org/10.1016/j.ins.2012.01.006",
url = "http://www.sciencedirect.com/science/article/pii/S0020025512000242",
author = "Luigi Troiano and Cosimo Birtolo",
keywords = "Genetic algorithms, Generative design, Human computer interaction, Graphical User Interfaces, Search based software engineering"
}
@article{ARNOLD20041123,
title = "Neural systems integration",
journal = "Neurocomputing",
volume = "58-60",
pages = "1123 - 1128",
year = "2004",
note = "Computational Neuroscience: Trends in Research 2004",
issn = "0925-2312",
doi = "https://doi.org/10.1016/j.neucom.2004.01.176",
url = "http://www.sciencedirect.com/science/article/pii/S092523120400181X",
author = "Michael Arnold and Terrence Sejnowski and Dan Hammerstrom and Marwan Jabri",
keywords = "Systems integration, Biological modeling, Software engineering"
}
@article{CROSS1991279,
title = "Expert system assisted test data generation for software branch coverage",
journal = "Data & Knowledge Engineering",
volume = "6",
number = "4",
pages = "279 - 295",
year = "1991",
issn = "0169-023X",
doi = "https://doi.org/10.1016/0169-023X(91)90035-V",
url = "http://www.sciencedirect.com/science/article/pii/0169023X9190035V",
author = "James H. Cross and Kai-Hsiung Chang and W. Homer Carlisle and David B. Brown",
keywords = "Artificial intelligence, expert systems, knowledge-based systems, software engineering, software testing, test data generation"
}
@article{XU2003373,
title = "Application of fuzzy expert systems in assessing operational risk of software",
journal = "Information and Software Technology",
volume = "45",
number = "7",
pages = "373 - 388",
year = "2003",
note = "Software Engineering with Computational Intelligence S.I.",
issn = "0950-5849",
doi = "https://doi.org/10.1016/S0950-5849(03)00010-7",
url = "http://www.sciencedirect.com/science/article/pii/S0950584903000107",
author = "Zhiwei Xu and Taghi M. Khoshgoftaar and Edward B. Allen",
keywords = "Fuzzy expert systems, Operational risk assessment, Independent verification and validation, Risk matrix, Fuzzy rules, Subjective probability"
}
@article{MEDINA2010921,
title = "Automation for task analysis of next generation air traffic management systems",
journal = "Transportation Research Part C: Emerging Technologies",
volume = "18",
number = "6",
pages = "921 - 929",
year = "2010",
note = "Special issue on Transportation Simulation Advances in Air Transportation Research",
issn = "0968-090X",
doi = "https://doi.org/10.1016/j.trc.2010.03.006",
url = "http://www.sciencedirect.com/science/article/pii/S0968090X1000032X",
author = "Maricel Medina and Lance Sherry and Michael Feary",
keywords = "Human–computer interaction, Usability analysis, Task analysis, Probability of failure-to-complete a task, Trials-to-mastery"
}
@article{NIAZI20101204,
title = "Software Process Improvement barriers: A cross-cultural comparison",
journal = "Information and Software Technology",
volume = "52",
number = "11",
pages = "1204 - 1216",
year = "2010",
note = "Special Section on Best Papers PROMISE 2009",
issn = "0950-5849",
doi = "https://doi.org/10.1016/j.infsof.2010.06.005",
url = "http://www.sciencedirect.com/science/article/pii/S0950584910001151",
author = "Mahmood Niazi and Muhammad Ali Babar and June M. Verner",
keywords = "Software Process Improvement barriers, Empirical study, Cross-cultural, CMMI"
}
@article{BILLINGER2015106,
title = "Online visualization of brain connectivity",
journal = "Journal of Neuroscience Methods",
volume = "256",
pages = "106 - 116",
year = "2015",
issn = "0165-0270",
doi = "https://doi.org/10.1016/j.jneumeth.2015.08.031",
url = "http://www.sciencedirect.com/science/article/pii/S0165027015003222",
author = "Martin Billinger and Clemens Brunner and Gernot R. Müller-Putz",
keywords = "EEG, Connectivity, ICA, Real-time, Visualization"
}
@article{CATERSTEEL2006323,
title = "Process improvement for small firms: An evaluation of the RAPID assessment-based method",
journal = "Information and Software Technology",
volume = "48",
number = "5",
pages = "323 - 334",
year = "2006",
note = "EASE 2005",
issn = "0950-5849",
doi = "https://doi.org/10.1016/j.infsof.2005.09.012",
url = "http://www.sciencedirect.com/science/article/pii/S0950584905001448",
author = "Aileen Cater-Steel and Mark Toleman and Terry Rout",
keywords = "Software process improvement, Assessment-based SPI, ISO/IEC 15504, Small-medium enterprises"
}
@article{TOURWE200435,
title = "Induced intentional software views",
journal = "Computer Languages, Systems & Structures",
volume = "30",
number = "1",
pages = "35 - 47",
year = "2004",
note = "Smalltalk Language",
issn = "1477-8424",
doi = "https://doi.org/10.1016/j.cl.2003.08.002",
url = "http://www.sciencedirect.com/science/article/pii/S1477842403000435",
author = "Tom Tourwé and Johan Brichau and Andy Kellens and Kris Gybels",
keywords = "Software engineering, Software documentation, Inductive logic programming"
}
@article{ADAM2013258,
title = "A systematic approach for re-assembly of crop models: An example to simulate pea growth from wheat growth",
journal = "Ecological Modelling",
volume = "250",
pages = "258 - 268",
year = "2013",
issn = "0304-3800",
doi = "https://doi.org/10.1016/j.ecolmodel.2012.10.012",
url = "http://www.sciencedirect.com/science/article/pii/S0304380012005145",
author = "M. Adam and J. Wery and P.A. Leffelaar and F. Ewert and M. Corbeels and H. Van Keulen",
keywords = "Crop growth model, Crop modelling framework, Crop physiology, Mathematical model, Software process"
}
@article{NEWELL19933,
title = "Intelligent control of external software systems",
journal = "Artificial Intelligence in Engineering",
volume = "8",
number = "1",
pages = "3 - 21",
year = "1993",
issn = "0954-1810",
doi = "https://doi.org/10.1016/0954-1810(93)90027-D",
url = "http://www.sciencedirect.com/science/article/pii/095418109390027D",
author = "Allen Newell and David Steier",
keywords = "intelligent agents, software engineering, Soar"
}
@article{AHMED2009640,
title = "Handling imprecision and uncertainty in software development effort prediction: A type-2 fuzzy logic based framework",
journal = "Information and Software Technology",
volume = "51",
number = "3",
pages = "640 - 654",
year = "2009",
issn = "0950-5849",
doi = "https://doi.org/10.1016/j.infsof.2008.09.004",
url = "http://www.sciencedirect.com/science/article/pii/S0950584908001274",
author = "Moataz A. Ahmed and Zeeshan Muzaffar",
keywords = "Effort prediction, Type-2 fuzzy logic, COCOMO, Imprecision, Uncertainty"
}
@article{IRIBARNE2009935,
title = "A DPS-based system modelling method for 3D-structures simulation in manufacturing processes",
journal = "Simulation Modelling Practice and Theory",
volume = "17",
number = "5",
pages = "935 - 954",
year = "2009",
issn = "1569-190X",
doi = "https://doi.org/10.1016/j.simpat.2009.03.001",
url = "http://www.sciencedirect.com/science/article/pii/S1569190X09000318",
author = "Luis Iribarne and Rosa Ayala and José Antonio Torres",
keywords = "Simulation modelling, Distributed problem solving, Systems modelling, 3D-structures modelling, Software engineering"
}
@article{SO20131237,
title = "3DComplete: Efficient completeness inspection using a 2.5D color scanner",
journal = "Computers in Industry",
volume = "64",
number = "9",
pages = "1237 - 1252",
year = "2013",
note = "Special Issue: 3D Imaging in Industry",
issn = "0166-3615",
doi = "https://doi.org/10.1016/j.compind.2013.03.014",
url = "http://www.sciencedirect.com/science/article/pii/S0166361513000675",
author = "Edmond Wai Yan So and Matteo Munaro and Stefano Michieletto and Stefano Tonello and Emanuele Menegatti",
keywords = "Completeness inspection, Laser triangulation, Image and range data fusion, 3D reconstruction"
}
@article{AXTELL1997323,
title = "Problems integrating user participation into software development",
journal = "International Journal of Human-Computer Studies",
volume = "47",
number = "2",
pages = "323 - 345",
year = "1997",
issn = "1071-5819",
doi = "https://doi.org/10.1006/ijhc.1997.0143",
url = "http://www.sciencedirect.com/science/article/pii/S1071581997901439",
author = "C.M. AXTELL and P.E. WATERSON and C.W. CLEGG"
}
@article{DIMOU20097630,
title = "An integrated infrastructure for monitoring and evaluating agent-based systems",
journal = "Expert Systems with Applications",
volume = "36",
number = "4",
pages = "7630 - 7643",
year = "2009",
issn = "0957-4174",
doi = "https://doi.org/10.1016/j.eswa.2008.09.061",
url = "http://www.sciencedirect.com/science/article/pii/S0957417408006738",
author = "Christos Dimou and Andreas L. Symeonidis and Pericles A. Mitkas",
keywords = "Software agents, Performance evaluation, Automated software engineering, Fuzzy measurement aggregation"
}
@article{MAICAN2016186,
title = "Interactivia.ro – A study of a gamification framework using zero-cost tools",
journal = "Computers in Human Behavior",
volume = "61",
pages = "186 - 197",
year = "2016",
issn = "0747-5632",
doi = "https://doi.org/10.1016/j.chb.2016.03.023",
url = "http://www.sciencedirect.com/science/article/pii/S0747563216301844",
author = "Catalin Maican and Radu Lixandroiu and Cristinel Constantin",
keywords = "Gamification, Zero-cost implementation, Improve general knowledge, Partnerships"
}
@article{JORGENSEN200479,
title = "Better sure than safe? Over-confidence in judgement based software development effort prediction intervals",
journal = "Journal of Systems and Software",
volume = "70",
number = "1",
pages = "79 - 93",
year = "2004",
issn = "0164-1212",
doi = "https://doi.org/10.1016/S0164-1212(02)00160-7",
url = "http://www.sciencedirect.com/science/article/pii/S0164121202001607",
author = "Magne Jørgensen and Karl Halvor Teigen and Kjetil Moløkken"
}
@article{REFORMAT2004111,
title = "Building a software experience factory using granular-based models",
journal = "Fuzzy Sets and Systems",
volume = "145",
number = "1",
pages = "111 - 139",
year = "2004",
note = "Computational Intelligence in Software Engineering",
issn = "0165-0114",
doi = "https://doi.org/10.1016/j.fss.2003.10.007",
url = "http://www.sciencedirect.com/science/article/pii/S0165011403004391",
author = "Marek Reformat and Witold Pedrycz and Nicolino Pizzi",
keywords = "Granular computing, Logic-based models, Software experience factory, Software quality, Software experimental data, Evolutionary computing, Software development effort"
}
@article{FEIJS1999163,
title = "Relation partition algebra — mathematical aspects of uses and part-of relations",
journal = "Science of Computer Programming",
volume = "33",
number = "2",
pages = "163 - 212",
year = "1999",
issn = "0167-6423",
doi = "https://doi.org/10.1016/S0167-6423(98)00007-0",
url = "http://www.sciencedirect.com/science/article/pii/S0167642398000070",
author = "L.M.G. Feijs and R.C. van Ommering",
keywords = "Relation algebra, Partitioning, Software engineering, Galois connections, Modularisation"
}
@article{GOYAL201415,
title = "Suitability of KNN Regression in the Development of Interaction based Software Fault Prediction Models",
journal = "IERI Procedia",
volume = "6",
pages = "15 - 21",
year = "2014",
note = "2013 International Conference on Future Software Engineering and Multimedia Engineering (ICFM 2013)",
issn = "2212-6678",
doi = "https://doi.org/10.1016/j.ieri.2014.03.004",
url = "http://www.sciencedirect.com/science/article/pii/S2212667814000057",
author = "Rinkaj Goyal and Pravin Chandra and Yogesh Singh",
keywords = "Fault prediction, Interaction, K-Nearest Neighborhood, Object Oriented Metrics, Regression analysis"
}
@article{WANG2016377,
title = "ACP-based social computing and parallel intelligence: Societies 5.0 and beyond",
journal = "CAAI Transactions on Intelligence Technology",
volume = "1",
number = "4",
pages = "377 - 393",
year = "2016",
issn = "2468-2322",
doi = "https://doi.org/10.1016/j.trit.2016.11.005",
url = "http://www.sciencedirect.com/science/article/pii/S246823221630083X",
author = "Xiao Wang and Lingxi Li and Yong Yuan and Peijun Ye and Fei-Yue Wang",
keywords = "Social computing, Societies 5.0, Parallel intelligence, Knowledge automation, Cyber-physical-social system, Artificial societies, Computational experiments, Parallel execution"
}
@article{BEECHAM2005251,
title = "Using an expert panel to validate a requirements process improvement model",
journal = "Journal of Systems and Software",
volume = "76",
number = "3",
pages = "251 - 275",
year = "2005",
issn = "0164-1212",
doi = "https://doi.org/10.1016/j.jss.2004.06.004",
url = "http://www.sciencedirect.com/science/article/pii/S0164121204000974",
author = "Sarah Beecham and Tracy Hall and Carol Britton and Michaela Cottee and Austen Rainer"
}
@article{BOTANA20143,
title = "A parametric approach to 3D dynamic geometry",
journal = "Mathematics and Computers in Simulation",
volume = "104",
pages = "3 - 20",
year = "2014",
note = "17th International Conferences on Applications of Computer Algebra + 18th International Conference on Applications of Computer Algebra",
issn = "0378-4754",
doi = "https://doi.org/10.1016/j.matcom.2012.12.004",
url = "http://www.sciencedirect.com/science/article/pii/S0378475413001390",
author = "Francisco Botana",
keywords = "3D dynamic geometry, Automated deduction, Groebner bases, Parametric polynomial systems, Degenerated conditions"
}
@article{MILI2009989,
title = "Mathematics for reasoning about loop functions",
journal = "Science of Computer Programming",
volume = "74",
number = "11",
pages = "989 - 1020",
year = "2009",
issn = "0167-6423",
doi = "https://doi.org/10.1016/j.scico.2009.09.009",
url = "http://www.sciencedirect.com/science/article/pii/S0167642309001270",
author = "Ali Mili and Shir Aharon and Chaitanya Nadkarni",
keywords = "Functional extraction, Loop function, Sub-goal induction theorem, Mills’ theorem"
}
@article{DADVAND2013301,
title = "Migration of a generic multi-physics framework to HPC environments",
journal = "Computers & Fluids",
volume = "80",
pages = "301 - 309",
year = "2013",
note = "Selected contributions of the 23rd International Conference on Parallel Fluid Dynamics ParCFD2011",
issn = "0045-7930",
doi = "https://doi.org/10.1016/j.compfluid.2012.02.004",
url = "http://www.sciencedirect.com/science/article/pii/S0045793012000485",
author = "P. Dadvand and R. Rossi and M. Gil and X. Martorell and J. Cotela and E. Juanpere and S.R. Idelsohn and E. Oñate",
keywords = "Parallelization, Computational fluid dynamics, Domain decomposition"
}
@article{SETH2016274,
title = "TRIQS/CTHYB: A continuous-time quantum Monte Carlo hybridisation expansion solver for quantum impurity problems",
journal = "Computer Physics Communications",
volume = "200",
pages = "274 - 284",
year = "2016",
issn = "0010-4655",
doi = "https://doi.org/10.1016/j.cpc.2015.10.023",
url = "http://www.sciencedirect.com/science/article/pii/S001046551500404X",
author = "Priyanka Seth and Igor Krivenko and Michel Ferrero and Olivier Parcollet",
keywords = "Many-body physics, Impurity solvers, Strongly-correlated systems, DMFT, Monte Carlo, C++, Python"
}
@article{CHOUSEINOGLOU20131904,
title = "AiOLoS: A model for assessing organizational learning in software development organizations",
journal = "Information and Software Technology",
volume = "55",
number = "11",
pages = "1904 - 1924",
year = "2013",
issn = "0950-5849",
doi = "https://doi.org/10.1016/j.infsof.2013.05.004",
url = "http://www.sciencedirect.com/science/article/pii/S0950584913001171",
author = "Oumout Chouseinoglou and Deniz İren and N. Alpay Karagöz and Semih Bilgen",
keywords = "Organizational learning, Knowledge management, Learning organizations, Learning software organizations, AiOLoS"
}
@article{DELAROSATREVIN2013321,
title = "Xmipp 3.0: An improved software suite for image processing in electron microscopy",
journal = "Journal of Structural Biology",
volume = "184",
number = "2",
pages = "321 - 328",
year = "2013",
issn = "1047-8477",
doi = "https://doi.org/10.1016/j.jsb.2013.09.015",
url = "http://www.sciencedirect.com/science/article/pii/S1047847713002566",
author = "J.M. de la Rosa-Trevín and J. Otón and R. Marabini and A. Zaldívar and J. Vargas and J.M. Carazo and C.O.S. Sorzano",
keywords = "Electron microscopy, Single particles analysis, Image processing, Software package"
}
@article{DOMINGUEZ201134,
title = "Evolution of XML schemas and documents from stereotyped UML class models: A traceable approach",
journal = "Information and Software Technology",
volume = "53",
number = "1",
pages = "34 - 50",
year = "2011",
issn = "0950-5849",
doi = "https://doi.org/10.1016/j.infsof.2010.08.001",
url = "http://www.sciencedirect.com/science/article/pii/S0950584910001333",
author = "Eladio Domínguez and Jorge Lloret and Beatriz Pérez and Áurea Rodrı´guez and Ángel L. Rubio and Marı´a A. Zapata",
keywords = "Model evolution and maintenance, UML profiles, XML"
}
@article{BARUA1995709,
title = "EXSHOF-II: Active filter design, from approximation function to graphic display of the circuit",
journal = "Engineering Applications of Artificial Intelligence",
volume = "8",
number = "6",
pages = "709 - 721",
year = "1995",
issn = "0952-1976",
doi = "https://doi.org/10.1016/0952-1976(95)00048-8",
url = "http://www.sciencedirect.com/science/article/pii/0952197695000488",
author = "Alok Barua and Nitin Patel",
keywords = "Expert system, artificial intelligence, knowledge engineering, software engineering, active filters, circuits and systems"
}
@article{DEGUEULE2017176,
title = "Safe model polymorphism for flexible modeling",
journal = "Computer Languages, Systems & Structures",
volume = "49",
pages = "176 - 195",
year = "2017",
issn = "1477-8424",
doi = "https://doi.org/10.1016/j.cl.2016.09.001",
url = "http://www.sciencedirect.com/science/article/pii/S1477842416300264",
author = "Thomas Degueule and Benoit Combemale and Arnaud Blouin and Olivier Barais and Jean-Marc Jézéquel",
keywords = "Metamodeling, Model typing, Type groups polymorphism"
}
@incollection{RUSSELL1992345,
title = "Chapter 12 - Intuit: A Computer Assisted Software Engineering Support for User-Centred Design",
editor = "Margaret Galer and Susan Harker and Jürgen Ziegler",
series = "Human Factors in Information Technology",
publisher = "North-Holland",
volume = "9",
pages = "345 - 370",
year = "1992",
booktitle = "Methods and Tools in User-Centred Design for Information Technology",
issn = "0923-8433",
doi = "https://doi.org/10.1016/B978-0-444-89301-7.50018-6",
url = "http://www.sciencedirect.com/science/article/pii/B9780444893017500186",
author = "Fred Russell and Phil Pettit and Simon Elder"
}
@article{ATILGAN201435,
title = "Designer Activity through Open Source Knowledge: Designer Toys Movement",
journal = "Procedia - Social and Behavioral Sciences",
volume = "122",
pages = "35 - 39",
year = "2014",
note = "2nd World Conference on Design, Arts and Education (DAE-2013)",
issn = "1877-0428",
doi = "https://doi.org/10.1016/j.sbspro.2014.01.1299",
url = "http://www.sciencedirect.com/science/article/pii/S1877042814013160",
author = "Nadire Şule Atılgan",
keywords = "DIY culture, designer toys, art toys, vinyl toys, urban toys, design, art"
}
@article{SCIACCA2017,
title = "VIALACTEA science gateway for Milky Way analysis",
journal = "Future Generation Computer Systems",
year = "2017",
issn = "0167-739X",
doi = "https://doi.org/10.1016/j.future.2017.08.038",
url = "http://www.sciencedirect.com/science/article/pii/S0167739X17309561",
author = "Eva Sciacca and Fabio Vitello and Ugo Becciani and Alessandro Costa and Akos Hajnal and Peter Kacsuk and Zoltan Farkas and Istvan Marton and Sergio Molinari and Anna Maria Di Giorgio and Eugenio Schisano and Scige John Liu and Davide Elia and Stefano Cavuoti and Giuseppe Riccio and Massimo Brescia",
keywords = "Workflow systems, Science gateways, Collaborative environments, Astrophysics, DCIs, Milky way analysis, Infrastructure tests, Monitoring"
}
@incollection{KHALIL2018145,
title = "Chapter Four - Optimizing the Symbolic Execution of Evolving Rhapsody Statecharts",
editor = "Atif M. Memon",
series = "Advances in Computers",
publisher = "Elsevier",
volume = "108",
pages = "145 - 281",
year = "2018",
issn = "0065-2458",
doi = "https://doi.org/10.1016/bs.adcom.2017.09.003",
url = "http://www.sciencedirect.com/science/article/pii/S0065245817300487",
author = "Amal Khalil and Juergen Dingel",
keywords = "Model-driven engineering, Symbolic execution, Incremental verification, State-based behavioral models, State machines, Memoization, Dependency analysis, Model-based analysis"
}
@article{HAN20153632,
title = "Prediction of combustion instability limit cycle oscillations by combining flame describing function simulations with a thermoacoustic network model",
journal = "Combustion and Flame",
volume = "162",
number = "10",
pages = "3632 - 3647",
year = "2015",
issn = "0010-2180",
doi = "https://doi.org/10.1016/j.combustflame.2015.06.020",
url = "http://www.sciencedirect.com/science/article/pii/S0010218015002011",
author = "Xingsi Han and Jingxuan Li and Aimee S. Morgans",
keywords = "Combustion instability, Flame describing function (FDF), Large eddy simulation, Partially-premixed flame, OSCILOS, OpenFOAM"
}
@incollection{HOLLNAGEL1989377,
title = "Evaluation of Expert Systems",
editor = "Giovanni GUIDA and Carlo TASSO",
series = "Studies in Computer Science and Artificial Intelligence",
publisher = "North-Holland",
volume = "5",
pages = "377 - 416",
year = "1989",
booktitle = "Topics in Expert System Design",
issn = "0924-3542",
doi = "https://doi.org/10.1016/B978-0-444-87321-7.50019-3",
url = "http://www.sciencedirect.com/science/article/pii/B9780444873217500193",
author = "Erik HOLLNAGEL"
}
@incollection{SEAMAN201125,
title = "Chapter 2 - Measuring and Monitoring Technical Debt",
editor = "Marvin V. Zelkowitz",
series = "Advances in Computers",
publisher = "Elsevier",
volume = "82",
pages = "25 - 46",
year = "2011",
issn = "0065-2458",
doi = "https://doi.org/10.1016/B978-0-12-385512-1.00002-5",
url = "http://www.sciencedirect.com/science/article/pii/B9780123855121000025",
author = "Carolyn Seaman and Yuepu Guo"
}
@incollection{OSTUKI199399,
title = "Challenge to Software Hut Education : The Effectiveness of Software Engineering Project Education",
editor = "B.Z. BARTA and S.L. HUNG and K.R. COX",
booktitle = "Software Engineering Education",
publisher = "Elsevier",
address = "Amsterdam",
pages = "99 - 108",
year = "1993",
series = "IFIP Transactions A: Computer Science and Technology",
isbn = "978-0-444-81597-2",
doi = "https://doi.org/10.1016/B978-0-444-81597-2.50017-6",
url = "http://www.sciencedirect.com/science/article/pii/B9780444815972500176",
author = "Shigeru Ostuki and Sadamichi Mitsumori and Tsurayuki Kado"
}
@article{ASMUSSEN201589,
title = "Semi-automatic segmentation of petrographic thin section images using a “seeded-region growing algorithm” with an application to characterize wheathered subarkose sandstone",
journal = "Computers & Geosciences",
volume = "83",
pages = "89 - 99",
year = "2015",
issn = "0098-3004",
doi = "https://doi.org/10.1016/j.cageo.2015.05.001",
url = "http://www.sciencedirect.com/science/article/pii/S0098300415001053",
author = "Pascal Asmussen and Olaf Conrad and Andreas Günther and Moritz Kirsch and Ulrich Riller",
keywords = "Sedimentary rocks, Thin section images, Fabric analysis, Grain object detection, Seeded region growing, Geographic Information System (GIS)"
}
@article{BAUSCHAT2006389,
title = "LEARNING ABOUT FLIGHT CONTROL USING AIRBORNE SIMULATION",
journal = "IFAC Proceedings Volumes",
volume = "39",
number = "6",
pages = "389 - 396",
year = "2006",
note = "7th IFAC Symposium on Advances in Control Education",
issn = "1474-6670",
doi = "https://doi.org/10.3182/20060621-3-ES-2905.00068",
url = "http://www.sciencedirect.com/science/article/pii/S1474667015331621",
author = "J.-Michael Bauschat",
keywords = "Flight control, Education, Modelling, Model-following control, Aircraft, Computer-aided control system design, Software engineering"
}
@article{MADU1991105,
title = "Setting priorities for the IT industry in Taiwan—A Delphi study",
journal = "Long Range Planning",
volume = "24",
number = "5",
pages = "105 - 118",
year = "1991",
issn = "0024-6301",
doi = "https://doi.org/10.1016/0024-6301(91)90256-N",
url = "http://www.sciencedirect.com/science/article/pii/002463019190256N",
author = "Christian N. Madu and Chu-Hua Kuei and Assumpta N. Madu"
}
@article{PEREZPEREZ2015242,
title = "Marky: A tool supporting annotation consistency in multi-user and iterative document annotation projects",
journal = "Computer Methods and Programs in Biomedicine",
volume = "118",
number = "2",
pages = "242 - 251",
year = "2015",
issn = "0169-2607",
doi = "https://doi.org/10.1016/j.cmpb.2014.11.005",
url = "http://www.sciencedirect.com/science/article/pii/S0169260714003848",
author = "Martín Pérez-Pérez and Daniel Glez-Peña and Florentino Fdez-Riverola and Anália Lourenço",
keywords = "Document annotation, Collaborative annotation, Iterative annotation, Inter-annotator agreement, Tracking system"
}
@incollection{SASSEN1993515,
title = "PREDICTING AND IMPROVING RESPONSE-TIMES OF PERFECT-MODELS",
editor = "H.B. VERBRUGGEN and M.G. RODD",
booktitle = "Artificial Intelligence in Real-Time Control 1992",
publisher = "Pergamon",
address = "Oxford",
pages = "515 - 520",
year = "1993",
series = "IFAC Symposia Series",
isbn = "978-0-08-041898-8",
doi = "https://doi.org/10.1016/B978-0-08-041898-8.50087-6",
url = "http://www.sciencedirect.com/science/article/pii/B9780080418988500876",
author = "J.M.A. Sassen and A. Ollongren and R.B.M. Jaspers"
}
@article{CONSTANTINESCU201523,
title = "Towards Knowledge Capturing and Innovative Human-system Interface in an Open-source Factory Modelling and Simulation Environment",
journal = "Procedia CIRP",
volume = "33",
pages = "23 - 28",
year = "2015",
note = "9th CIRP Conference on Intelligent Computation in Manufacturing Engineering - CIRP ICME '14",
issn = "2212-8271",
doi = "https://doi.org/10.1016/j.procir.2015.06.006",
url = "http://www.sciencedirect.com/science/article/pii/S2212827115006496",
author = "C.L. Constantinescu and E. Francalanza and D. Matarazzo",
keywords = "Digital Factory, JITIR, SysML"
}
@incollection{SINGH2010163,
title = "Empirical Knowledge Discovery by Triangulation in Computer Science",
editor = "Marvin V. Zelkowitz",
series = "Advances in Computers",
publisher = "Elsevier",
volume = "80",
pages = "163 - 190",
year = "2010",
booktitle = "Advances in Computers",
issn = "0065-2458",
doi = "https://doi.org/10.1016/S0065-2458(10)80004-X",
url = "http://www.sciencedirect.com/science/article/pii/S006524581080004X",
author = "Ravi I. Singh and James Miller"
}
@article{ROSSANT2013352,
title = "Playdoh: A lightweight Python library for distributed computing and optimisation",
journal = "Journal of Computational Science",
volume = "4",
number = "5",
pages = "352 - 359",
year = "2013",
issn = "1877-7503",
doi = "https://doi.org/10.1016/j.jocs.2011.06.002",
url = "http://www.sciencedirect.com/science/article/pii/S1877750311000561",
author = "Cyrille Rossant and Bertrand Fontaine and Dan F.M. Goodman",
keywords = "Python, Parallel computing, Distributed computing, Optimisation, High performance computing"
}
@article{PHILIPPI2005193,
title = "Model driven generation and testing of object-relational mappings",
journal = "Journal of Systems and Software",
volume = "77",
number = "2",
pages = "193 - 207",
year = "2005",
issn = "0164-1212",
doi = "https://doi.org/10.1016/j.jss.2004.07.252",
url = "http://www.sciencedirect.com/science/article/pii/S0164121204001396",
author = "Stephan Philippi",
keywords = "Object-oriented software development, Relational database, Impedance mismatch, Object-relational middleware, Object-relational mapping"
}
@article{TRENOUTH1990400,
title = "Version control via temporal annotations for exploratory software development environment",
journal = "Information and Software Technology",
volume = "32",
number = "6",
pages = "400 - 406",
year = "1990",
issn = "0950-5849",
doi = "https://doi.org/10.1016/0950-5849(90)90126-C",
url = "http://www.sciencedirect.com/science/article/pii/095058499090126C",
author = "J Trenouth",
keywords = "software development, exploratory software development, version control, configuration management, undo support, programming environments, temporal database management"
}
@incollection{ROBINSON199039,
title = "Chapter 2 - Towards a Sociology of Human-Computer Interaction: A Software Engineer's Perspective",
editor = "PAUL LUFF and NIGEL GILBERT and DAVID FROHLICH",
booktitle = "Computers and Conversation",
publisher = "Academic Press",
address = "London",
pages = "39 - 49",
year = "1990",
isbn = "978-0-08-050264-9",
doi = "https://doi.org/10.1016/B978-0-08-050264-9.50007-5",
url = "http://www.sciencedirect.com/science/article/pii/B9780080502649500075",
author = "Hugh Robinson"
}
@article{XUE2010593,
title = "A unified set of analysis tools for uterine cervix image segmentation",
journal = "Computerized Medical Imaging and Graphics",
volume = "34",
number = "8",
pages = "593 - 604",
year = "2010",
issn = "0895-6111",
doi = "https://doi.org/10.1016/j.compmedimag.2010.04.002",
url = "http://www.sciencedirect.com/science/article/pii/S0895611110000510",
author = "Zhiyun Xue and L. Rodney Long and Sameer Antani and Leif Neve and Yaoyao Zhu and George R. Thoma",
keywords = "Uterine cervix image, Image segmentation, Segmentation evaluation, Web-accessible system"
}
@incollection{LANDY2008351,
title = "Chapter 13 - Software as a Service (SaaS)",
editor = "Gene K Landy and Amy J. Mastrobattista",
booktitle = "The IT Digital Legal Companion",
publisher = "Syngress",
address = "Burlington",
pages = "351 - 374",
year = "2008",
isbn = "978-1-59749-256-0",
doi = "https://doi.org/10.1016/B978-1-59749-256-0.00013-8",
url = "http://www.sciencedirect.com/science/article/pii/B9781597492560000138",
author = "Gene K Landy and Amy J. Mastrobattista"
}
@article{SON201412,
title = "Business process management-based job assignment in ship hull production design",
journal = "Ocean Engineering",
volume = "88",
pages = "12 - 26",
year = "2014",
issn = "0029-8018",
doi = "https://doi.org/10.1016/j.oceaneng.2014.05.010",
url = "http://www.sciencedirect.com/science/article/pii/S0029801814001887",
author = "Myeong-Jo Son and Tae-wan Kim",
keywords = "Business process management, Ship hull production design, Unbalanced assignment problem, Hungarian algorithm, Workflow, Decision support system"
}
@incollection{MAROWKA201071,
title = "Chapter 2 - Pitfalls and Issues of Manycore Programming",
series = "Advances in Computers",
publisher = "Elsevier",
volume = "79",
pages = "71 - 117",
year = "2010",
issn = "0065-2458",
doi = "https://doi.org/10.1016/S0065-2458(10)79002-1",
url = "http://www.sciencedirect.com/science/article/pii/S0065245810790021",
author = "Ami Marowka"
}
@article{LUO2008292,
title = "A Computer-Aided FPS-Oriented Approach for Construction Briefing",
journal = "Tsinghua Science & Technology",
volume = "13",
pages = "292 - 297",
year = "2008",
issn = "1007-0214",
doi = "https://doi.org/10.1016/S1007-0214(08)70164-0",
url = "http://www.sciencedirect.com/science/article/pii/S1007021408701640",
author = "Xiaochun Luo and Qiping Shen",
keywords = "briefing, value management (VM), functional performance specification (FPS), function analysis system technique, shared space, computer-aided"
}
@article{MOHAMMAD20111237,
title = "A novel intrusion detection system by using intelligent data mining in weka environment",
journal = "Procedia Computer Science",
volume = "3",
pages = "1237 - 1242",
year = "2011",
note = "World Conference on Information Technology",
issn = "1877-0509",
doi = "https://doi.org/10.1016/j.procs.2010.12.198",
url = "http://www.sciencedirect.com/science/article/pii/S1877050910005739",
author = "Muamer N. Mohammad and Norrozila Sulaiman and Osama Abdulkarim Muhsin",
keywords = "Data mining, Intrusion detection system, WEKA"
}
@article{PALMER200695,
title = "Gauss: A Framework for Verifying Scientific Computing Software",
journal = "Electronic Notes in Theoretical Computer Science",
volume = "144",
number = "3",
pages = "95 - 106",
year = "2006",
note = "Proceedings of the Workshop on Software Model Checking (SoftMC 2005)",
issn = "1571-0661",
doi = "https://doi.org/10.1016/j.entcs.2006.01.007",
url = "http://www.sciencedirect.com/science/article/pii/S1571066106000624",
author = "Robert Palmer and Steve Barrus and Yu Yang and Ganesh Gopalakrishnan and Robert M. Kirby",
keywords = "Model checking, scientific computing, MPI programming"
}
@article{MRAZOVA2014308,
title = "Mining the Czech Insolvency Proceedings Data",
journal = "Procedia Computer Science",
volume = "36",
pages = "308 - 313",
year = "2014",
note = "Complex Adaptive Systems Philadelphia, PA November 3-5, 2014",
issn = "1877-0509",
doi = "https://doi.org/10.1016/j.procs.2014.09.098",
url = "http://www.sciencedirect.com/science/article/pii/S1877050914013477",
author = "Iveta Mrázová and Peter Zvirinský",
keywords = "data mining, knowledge extraction, data pre-processing, social network analysis, community discovery"
}
@article{COPPOLINO201678,
title = "A framework for mastering heterogeneity in multi-layer security information and event correlation",
journal = "Journal of Systems Architecture",
volume = "62",
pages = "78 - 88",
year = "2016",
issn = "1383-7621",
doi = "https://doi.org/10.1016/j.sysarc.2015.11.010",
url = "http://www.sciencedirect.com/science/article/pii/S1383762115001484",
author = "Luigi Coppolino and Salvatore D'Antonio and Valerio Formicola and Luigi Romano",
keywords = "Security Information and Event Management, Security Probe, Mobile payment, Data collection, Data correlation"
}
@article{BRAVOARANDA1999763,
title = "Knowledge-based system development for assisting structural design",
journal = "Advances in Engineering Software",
volume = "30",
number = "9",
pages = "763 - 774",
year = "1999",
issn = "0965-9978",
doi = "https://doi.org/10.1016/S0965-9978(98)00108-2",
url = "http://www.sciencedirect.com/science/article/pii/S0965997898001082",
author = "G Bravo-Aranda and F Hernández-Rodrı́guez and A Martin-Navarro",
keywords = "KBDS, CommonKADS,"
}
@article{SHANG20122195,
title = "Using Pig as a data preparation language for large-scale mining software repositories studies: An experience report",
journal = "Journal of Systems and Software",
volume = "85",
number = "10",
pages = "2195 - 2204",
year = "2012",
note = "Automated Software Evolution",
issn = "0164-1212",
doi = "https://doi.org/10.1016/j.jss.2011.07.034",
url = "http://www.sciencedirect.com/science/article/pii/S0164121211002007",
author = "Weiyi Shang and Bram Adams and Ahmed E. Hassan",
keywords = "Software engineering, Mining Software Repositories, Pig, MapReduce"
}
@article{KRETSCHMER201591,
title = "A system to measure the Optokinetic and Optomotor response in mice",
journal = "Journal of Neuroscience Methods",
volume = "256",
pages = "91 - 105",
year = "2015",
issn = "0165-0270",
doi = "https://doi.org/10.1016/j.jneumeth.2015.08.007",
url = "http://www.sciencedirect.com/science/article/pii/S0165027015002885",
author = "Friedrich Kretschmer and Szilard Sajgo and Viola Kretschmer and Tudor C. Badea",
keywords = "Mouse, Vision, Retina, Behavior, Optomotor response, Head movements, Optokinetic reflex, Eye movements, Video tracking visual field"
}
@article{DESOUZA20134887,
title = "Search based constrained test case selection using execution effort",
journal = "Expert Systems with Applications",
volume = "40",
number = "12",
pages = "4887 - 4896",
year = "2013",
issn = "0957-4174",
doi = "https://doi.org/10.1016/j.eswa.2013.02.018",
url = "http://www.sciencedirect.com/science/article/pii/S0957417413001346",
author = "Luciano S. de Souza and Ricardo B.C. Prudêncio and Flavia de A. Barros and Eduardo H. da S. Aranha",
keywords = "Search Based Test Case Selection, Software Testing, Execution effort, Search based software engineering"
}
@article{PRIEURDREVON201855,
title = "R-SHT: A state history tree with R-Tree properties for analysis and visualization of highly parallel system traces",
journal = "Journal of Systems and Software",
volume = "135",
pages = "55 - 68",
year = "2018",
issn = "0164-1212",
doi = "https://doi.org/10.1016/j.jss.2017.09.023",
url = "http://www.sciencedirect.com/science/article/pii/S0164121217302108",
author = "L. Prieur-Drevon and R. Beamonte and M.R. Dagenais",
keywords = "Tracing, Stateful analysis, Tree, Data structure, External memory"
}
@article{FERRARI20081470,
title = "Software architecting without requirements knowledge and experience: What are the repercussions?",
journal = "Journal of Systems and Software",
volume = "81",
number = "9",
pages = "1470 - 1490",
year = "2008",
note = "Gauging the progress of Software Architecture research: three selected papers from Working IEEE/IFIP Conference on Software Architecture (WICSA) 200",
issn = "0164-1212",
doi = "https://doi.org/10.1016/j.jss.2007.12.764",
url = "http://www.sciencedirect.com/science/article/pii/S0164121207003238",
author = "Remo Ferrari and Nazim H. Madhavji",
keywords = "Software Architecture, Requirements knowledge and experience, Software quality, Architectural assessment instrument, Attribute Driven Design (ADD) method, Hiring and training, Software engineering curriculum, Architecture and requirements technology, Quantitative and qualitative research, Empirical study"
}
@article{NAHM2009327,
title = "Operationalization of the UFuRT methodology for usability analysis in the clinical research data management domain",
journal = "Journal of Biomedical Informatics",
volume = "42",
number = "2",
pages = "327 - 333",
year = "2009",
issn = "1532-0464",
doi = "https://doi.org/10.1016/j.jbi.2008.10.004",
url = "http://www.sciencedirect.com/science/article/pii/S1532046408001317",
author = "Meredith Nahm and Jiajie Zhang",
keywords = "Database management systems, Clinical trials, Usability, HCI"
}
@article{GROSSMAN2005383,
title = "Does UML make the grade? Insights from the software development community",
journal = "Information and Software Technology",
volume = "47",
number = "6",
pages = "383 - 397",
year = "2005",
issn = "0950-5849",
doi = "https://doi.org/10.1016/j.infsof.2004.09.005",
url = "http://www.sciencedirect.com/science/article/pii/S095058490400134X",
author = "Martin Grossman and Jay E. Aronson and Richard V. McCarthy",
keywords = "Unified Modeling Language, UML, Object-oriented analysis and design, OOAD, Task-technology fit"
}
@article{CORRADINI2018129,
title = "A Guidelines framework for understandable BPMN models",
journal = "Data & Knowledge Engineering",
volume = "113",
pages = "129 - 154",
year = "2018",
issn = "0169-023X",
doi = "https://doi.org/10.1016/j.datak.2017.11.003",
url = "http://www.sciencedirect.com/science/article/pii/S0169023X1630341X",
author = "Flavio Corradini and Alessio Ferrari and Fabrizio Fornari and Stefania Gnesi and Andrea Polini and Barbara Re and Giorgio O. Spagnolo",
keywords = "Models understandability, Business process modeling, BPMN, Modeling guidelines, Model quality, Tool"
}
@article{OSSOWSKI2005272,
title = "Decision support for traffic management based on organisational and communicative multiagent abstractions",
journal = "Transportation Research Part C: Emerging Technologies",
volume = "13",
number = "4",
pages = "272 - 298",
year = "2005",
note = "Agents in Traffic and Transportation: Exploring Autonomy in Logistics, Management, Simulation, and Cooperative Driving",
issn = "0968-090X",
doi = "https://doi.org/10.1016/j.trc.2005.07.005",
url = "http://www.sciencedirect.com/science/article/pii/S0968090X0500032X",
author = "Sascha Ossowski and Josefa Z. Hernández and María-Victoria Belmonte and Alberto Fernández and Ana García-Serrano and José-Luís Pérez-de-la-Cruz and Juan-Manuel Serrano and Francisco Triguero",
keywords = "Multiagent systems, Knowledge-based traffic management, Agent-oriented software engineering"
}
@article{XIAO2009109,
title = "Adaptive Agent Model: Software Adaptivity using an Agent-oriented Model-Driven Architecture",
journal = "Information and Software Technology",
volume = "51",
number = "1",
pages = "109 - 137",
year = "2009",
note = "Special Section - Most Cited Articles in 2002 and Regular Research Papers",
issn = "0950-5849",
doi = "https://doi.org/10.1016/j.infsof.2008.02.002",
url = "http://www.sciencedirect.com/science/article/pii/S0950584908000335",
author = "Liang Xiao and Des Greer",
keywords = "Agent, Business knowledge modelling, Model-Driven architecture, Software adaptivity"
}
@article{SHULAMIT2011175,
title = "Development of E-Learning environments combining learning skills and science and technology content for junior high school",
journal = "Procedia - Social and Behavioral Sciences",
volume = "11",
pages = "175 - 179",
year = "2011",
note = "Teachers for the Knowledge Society",
issn = "1877-0428",
doi = "https://doi.org/10.1016/j.sbspro.2011.01.056",
url = "http://www.sciencedirect.com/science/article/pii/S1877042811000589",
author = "Kotzer Shulamit and Elran Yossi",
keywords = "Mooodle Platfrm, Learning Management system, Open Source, Constructivisim, Computer aided teaching, E-learning innovation"
}
@article{XIE201221,
title = "Implementation and performance optimization of a parallel contour line generation algorithm",
journal = "Computers & Geosciences",
volume = "49",
pages = "21 - 28",
year = "2012",
issn = "0098-3004",
doi = "https://doi.org/10.1016/j.cageo.2012.06.011",
url = "http://www.sciencedirect.com/science/article/pii/S0098300412002063",
author = "Jibo Xie",
keywords = "DEM, Contour line, Parallel computing, Performance optimization"
}