@article{KEVIC2017252,
title = "Eye gaze and interaction contexts for change tasks – Observations and potential",
journal = "Journal of Systems and Software",
volume = "128",
pages = "252 - 266",
year = "2017",
issn = "0164-1212",
doi = "https://doi.org/10.1016/j.jss.2016.03.030",
url = "http://www.sciencedirect.com/science/article/pii/S0164121216000881",
author = "K. Kevic and B.M. Walters and T.R. Shaffer and B. Sharif and D.C. Shepherd and T. Fritz",
keywords = "Eye-tracking, Interactions, Empirical study"
}
@article{HARICHANDRAN20161,
title = "A cyber forensics needs analysis survey: Revisiting the domain's needs a decade later",
journal = "Computers & Security",
volume = "57",
pages = "1 - 13",
year = "2016",
issn = "0167-4048",
doi = "https://doi.org/10.1016/j.cose.2015.10.007",
url = "http://www.sciencedirect.com/science/article/pii/S0167404815001595",
author = "Vikram S. Harichandran and Frank Breitinger and Ibrahim Baggili and Andrew Marrington",
keywords = "Computer forensics, Cyber forensics, Digital forensics, Mobile forensics, Needs analysis, Open source, Privacy, Research, Survey, Tools"
}
@incollection{HAMILTON2012393,
title = "Chapter twenty - Open Source Tools for Fluorescent Imaging",
editor = "P. Michael conn",
series = "Methods in Enzymology",
publisher = "Academic Press",
volume = "504",
pages = "393 - 417",
year = "2012",
booktitle = "Imaging and Spectroscopic Analysis of Living Cells",
issn = "0076-6879",
doi = "https://doi.org/10.1016/B978-0-12-391857-4.00020-3",
url = "http://www.sciencedirect.com/science/article/pii/B9780123918574000203",
author = "Nicholas A. Hamilton",
keywords = "Analysis software, Bio-image informatics, Fluorescent imaging, Microscopy, Open source"
}
@article{VENKATARAMANIJOHAR199765,
title = "SoftCord: an intelligent agent for coordination in software development projects",
journal = "Decision Support Systems",
volume = "20",
number = "1",
pages = "65 - 81",
year = "1997",
note = "Intelligent Agents as a Basis for Decision Support Systems",
issn = "0167-9236",
doi = "https://doi.org/10.1016/S0167-9236(96)00075-9",
url = "http://www.sciencedirect.com/science/article/pii/S0167923696000759",
author = "Hardeep Venkataramani Johar",
keywords = "Intelligent agents, Software development projects, Coordination support systems, Truth maintenance systems, Artificial intelligence"
}
@article{STYLIANOU201679,
title = "Investigating the impact of developer productivity, task interdependence type and communication overhead in a multi-objective optimization approach for software project planning",
journal = "Advances in Engineering Software",
volume = "98",
pages = "79 - 96",
year = "2016",
issn = "0965-9978",
doi = "https://doi.org/10.1016/j.advengsoft.2016.04.001",
url = "http://www.sciencedirect.com/science/article/pii/S096599781630076X",
author = "Constantinos Stylianou and Andreas S. Andreou",
keywords = "Productivity-based software project planning, Task scheduling, Human resource allocation, Multi-objective optimization, Task interdependence, Communication overhead"
}
@article{BEECHAM2008860,
title = "Motivation in Software Engineering: A systematic literature review",
journal = "Information and Software Technology",
volume = "50",
number = "9",
pages = "860 - 878",
year = "2008",
issn = "0950-5849",
doi = "https://doi.org/10.1016/j.infsof.2007.09.004",
url = "http://www.sciencedirect.com/science/article/pii/S0950584907001097",
author = "Sarah Beecham and Nathan Baddoo and Tracy Hall and Hugh Robinson and Helen Sharp",
keywords = "Motivation, Software Engineering, Software Engineer, Characteristics, Personality, Systematic literature review"
}
@article{MILLER2005233,
title = "Replicating software engineering experiments: a poisoned chalice or the Holy Grail",
journal = "Information and Software Technology",
volume = "47",
number = "4",
pages = "233 - 244",
year = "2005",
issn = "0950-5849",
doi = "https://doi.org/10.1016/j.infsof.2004.08.005",
url = "http://www.sciencedirect.com/science/article/pii/S0950584904001259",
author = "James Miller",
keywords = "Software engineer, Real world settings, Empirical values"
}
@article{CARINCI2006154,
title = "Genetic effects of anorganic bovine bone (Bio-Oss®) on osteoblast-like MG63 cells",
journal = "Archives of Oral Biology",
volume = "51",
number = "2",
pages = "154 - 163",
year = "2006",
issn = "0003-9969",
doi = "https://doi.org/10.1016/j.archoralbio.2005.06.006",
url = "http://www.sciencedirect.com/science/article/pii/S0003996905001858",
author = "Francesco Carinci and Adriano Piattelli and Marco Degidi and Annalisa Palmieri and Vittoria Perrotti and Luca Scapoli and Marcella Martinelli and Gregorio Laino and Furio Pezzetti",
keywords = "Bone graft, In vitro, Osteogenesis, Tissue culture"
}
@article{PHILLIPS2018150,
title = "An architecture, system engineering, and acquisition approach for space system software resiliency",
journal = "Information and Software Technology",
volume = "94",
pages = "150 - 164",
year = "2018",
issn = "0950-5849",
doi = "https://doi.org/10.1016/j.infsof.2017.10.006",
url = "http://www.sciencedirect.com/science/article/pii/S0950584917300575",
author = "Dewanne M. Phillips and Thomas A. Mazzuchi and Shahram Sarkani",
keywords = "Software, Architecture, Resiliency, Systems engineering, Life cycle, Vulnerabilities, Threats, Cybersecurity"
}
@article{CHETOUANE2015382,
title = "An Overview on RFID Technology Instruction and Application",
journal = "IFAC-PapersOnLine",
volume = "48",
number = "3",
pages = "382 - 387",
year = "2015",
note = "15th IFAC Symposium onInformation Control Problems inManufacturing",
issn = "2405-8963",
doi = "https://doi.org/10.1016/j.ifacol.2015.06.111",
url = "http://www.sciencedirect.com/science/article/pii/S240589631500350X",
author = "Fatah Chetouane",
keywords = "Data privacy, Data transmission, Electromagnetic waves, Flexible automation, Identification, Programmable logic controllers, Software engineering"
}
@article{GOMEZ201832,
title = "BAMOS: A recording application for BAsso MOuse scale of locomotion in experimental models of spinal cord injury",
journal = "Computers in Biology and Medicine",
volume = "96",
pages = "32 - 40",
year = "2018",
issn = "0010-4825",
doi = "https://doi.org/10.1016/j.compbiomed.2018.02.021",
url = "http://www.sciencedirect.com/science/article/pii/S0010482518300519",
author = "Alberto Gómez and Manuel Nieto-Díaz and Ángela del Águila and Enrique Arias",
keywords = "Experimental spinal cord injury, Mobile application, Open source software, Transparency, Evidence"
}
@article{NICHOLSON2004329,
title = "Embedded knowledge and offshore software development",
journal = "Information and Organization",
volume = "14",
number = "4",
pages = "329 - 365",
year = "2004",
issn = "1471-7727",
doi = "https://doi.org/10.1016/j.infoandorg.2004.05.001",
url = "http://www.sciencedirect.com/science/article/pii/S1471772704000338",
author = "Brian Nicholson and Sundeep Sahay",
keywords = "Knowledge management, Case study, Software development"
}
@incollection{MAHABALA199391,
title = "Software Engineering Training in Industry",
editor = "B.Z. BARTA and S.L. HUNG and K.R. COX",
booktitle = "Software Engineering Education",
publisher = "Elsevier",
address = "Amsterdam",
pages = "91 - 98",
year = "1993",
series = "IFIP Transactions A: Computer Science and Technology",
isbn = "978-0-444-81597-2",
doi = "https://doi.org/10.1016/B978-0-444-81597-2.50016-4",
url = "http://www.sciencedirect.com/science/article/pii/B9780444815972500164",
author = "H.N. Mahabala and A.S. Murty"
}
@article{VLAHAVAS1999183,
title = "ESSE: an expert system for software evaluation",
journal = "Knowledge-Based Systems",
volume = "12",
number = "4",
pages = "183 - 197",
year = "1999",
issn = "0950-7051",
doi = "https://doi.org/10.1016/S0950-7051(99)00031-3",
url = "http://www.sciencedirect.com/science/article/pii/S0950705199000313",
author = "I Vlahavas and I Stamelos and I Refanidis and A Tsoukiàs",
keywords = "Expert system, Multiple criteria decision aid, Automated software evaluation"
}
@article{BOCCARDO2015809,
title = "Validation of a novel open-source work-flow for the simulation of packed-bed reactors",
journal = "Chemical Engineering Journal",
volume = "279",
pages = "809 - 820",
year = "2015",
issn = "1385-8947",
doi = "https://doi.org/10.1016/j.cej.2015.05.032",
url = "http://www.sciencedirect.com/science/article/pii/S138589471500683X",
author = "Gianluca Boccardo and Frédéric Augier and Yacine Haroun and Daniel Ferré and Daniele L. Marchisio",
keywords = "Packed-bed reactor, Catalytic reactor, , , Ergun law"
}
@article{CLELAND201784,
title = "The influence of landmark stability on control by occasion setters",
journal = "Behavioural Processes",
volume = "137",
pages = "84 - 97",
year = "2017",
note = "Occasion Setting: Past, Present and Future",
issn = "0376-6357",
doi = "https://doi.org/10.1016/j.beproc.2017.01.005",
url = "http://www.sciencedirect.com/science/article/pii/S0376635717300074",
author = "Lauren M. Cleland and Chad M. Ruprecht and Ronnie V. Lee and Kenneth J. Leising",
keywords = "Occasion setting, Spatial learning, Landmarks, Conditional discrimination, Touchscreen, Pigeons"
}
@article{BASU2017107,
title = "The emergence of a hybrid mode of knowledge production in the Generation Challenge Programme Rice Research Network (GCP-RRN) in India: Exploring the concept of Commons-Based Peer Production (CBPP)",
journal = "Geoforum",
volume = "84",
pages = "107 - 116",
year = "2017",
issn = "0016-7185",
doi = "https://doi.org/10.1016/j.geoforum.2017.06.008",
url = "http://www.sciencedirect.com/science/article/pii/S0016718517301562",
author = "Soutrik Basu and Joost Jongerden and Guido Ruivenkamp",
keywords = "CBPP, Knowledge production, Research network, Rice, GCP, India"
}
@article{SPICA2013198,
title = "An Open-Source Hardware/Software Architecture for Quadrotor UAVs",
journal = "IFAC Proceedings Volumes",
volume = "46",
number = "30",
pages = "198 - 205",
year = "2013",
note = "2nd IFAC Workshop on Research, Education and Development of Unmanned Aerial Systems",
issn = "1474-6670",
doi = "https://doi.org/10.3182/20131120-3-FR-4045.00006",
url = "http://www.sciencedirect.com/science/article/pii/S1474667015402940",
author = "Riccardo Spica and Paolo Robuffo Giordano and Markus Ryll and Heinrich H. Bülthoff and Antonio Franchi"
}
@article{CORDY2002827,
title = "Source transformation in software engineering using the TXL transformation system",
journal = "Information and Software Technology",
volume = "44",
number = "13",
pages = "827 - 837",
year = "2002",
note = "Special Issue on Source Code Analysis and Manipulation (SCAM)",
issn = "0950-5849",
doi = "https://doi.org/10.1016/S0950-5849(02)00104-0",
url = "http://www.sciencedirect.com/science/article/pii/S0950584902001040",
author = "James R Cordy and Thomas R Dean and Andrew J Malton and Kevin A Schneider",
keywords = "Source transformation, Software engineering, Metaprogramming"
}
@incollection{HENDERSON2005349,
title = "The Role of Mathematics in Computer Science and Software Engineering Education",
series = "Advances in Computers",
publisher = "Elsevier",
volume = "65",
pages = "349 - 395",
year = "2005",
issn = "0065-2458",
doi = "https://doi.org/10.1016/S0065-2458(05)65008-5",
url = "http://www.sciencedirect.com/science/article/pii/S0065245805650085",
author = "Peter B. Henderson"
}
@article{HELLSTROM200125,
title = "Decentralizing knowledge: managing knowledge work in a software engineering firm",
journal = "The Journal of High Technology Management Research",
volume = "12",
number = "1",
pages = "25 - 38",
year = "2001",
issn = "1047-8310",
doi = "https://doi.org/10.1016/S1047-8310(00)00037-7",
url = "http://www.sciencedirect.com/science/article/pii/S1047831000000377",
author = "Tomas Hellström and Ulf Malmquist and Jon Mikaelsson",
keywords = "Knowledge work, Decentralized organization, Epistemology, Broke"
}
@article{IDRI2016151,
title = "Systematic literature review of ensemble effort estimation",
journal = "Journal of Systems and Software",
volume = "118",
pages = "151 - 175",
year = "2016",
issn = "0164-1212",
doi = "https://doi.org/10.1016/j.jss.2016.05.016",
url = "http://www.sciencedirect.com/science/article/pii/S0164121216300450",
author = "Ali Idri and Mohamed Hosni and Alain Abran",
keywords = "Systematic literature review, Software development effort estimation, Ensemble effort estimation"
}
@article{DARAS20151894,
title = "Development of business spatial analysis tools: methodology and framework",
journal = "IFAC-PapersOnLine",
volume = "48",
number = "3",
pages = "1894 - 1899",
year = "2015",
note = "15th IFAC Symposium onInformation Control Problems inManufacturing",
issn = "2405-8963",
doi = "https://doi.org/10.1016/j.ifacol.2015.06.363",
url = "http://www.sciencedirect.com/science/article/pii/S2405896315006023",
author = "Gautier DARAS and Bruno AGARD and Hadrien CAMBAZARD and Bernard PENZ",
keywords = "GIS, Geo visualization, data mining, KDD, open source, spatial data mining"
}
@article{SCHMIDT2014434,
title = "Evaluation of shoulder-specific patient-reported outcome measures: a systematic and standardized comparison of available evidence",
journal = "Journal of Shoulder and Elbow Surgery",
volume = "23",
number = "3",
pages = "434 - 444",
year = "2014",
issn = "1058-2746",
doi = "https://doi.org/10.1016/j.jse.2013.09.029",
url = "http://www.sciencedirect.com/science/article/pii/S1058274613005132",
author = "Stefanie Schmidt and Montse Ferrer and Marta González and Nerea González and José Maria Valderas and Jordi Alonso and Antonio Escobar and Kalliopi Vrotsou",
keywords = "Shoulder pain, disability evaluation, quality of life, questionnaires, outcome assessment, psychometrics, validation studies"
}
@article{SETTAS20117633,
title = "SPARSE: A symptom-based antipattern retrieval knowledge-based system using Semantic Web technologies",
journal = "Expert Systems with Applications",
volume = "38",
number = "6",
pages = "7633 - 7646",
year = "2011",
issn = "0957-4174",
doi = "https://doi.org/10.1016/j.eswa.2010.12.097",
url = "http://www.sciencedirect.com/science/article/pii/S0957417410014600",
author = "Dimitrios L. Settas and Georgios Meditskos and Ioannis G. Stamelos and Nick Bassiliades",
keywords = "Antipatterns, Symptom-based retrieval, OWL ontology, Production rules, Objects"
}
@article{ORIOL2017130,
title = "Simplification of UML/OCL schemas for efficient reasoning",
journal = "Journal of Systems and Software",
volume = "128",
pages = "130 - 149",
year = "2017",
issn = "0164-1212",
doi = "https://doi.org/10.1016/j.jss.2017.03.015",
url = "http://www.sciencedirect.com/science/article/pii/S016412121730064X",
author = "Xavier Oriol and Ernest Teniente",
keywords = "UML, OCL, Reasoning, Simplification"
}
@article{FREUDENTHAL201585,
title = "Simpl DSL toolkit",
journal = "Science of Computer Programming",
volume = "114",
pages = "85 - 91",
year = "2015",
note = "LDTA (Language Descriptions, Tools, and Applications) Tool Challenge",
issn = "0167-6423",
doi = "https://doi.org/10.1016/j.scico.2014.11.018",
url = "http://www.sciencedirect.com/science/article/pii/S0167642314005590",
author = "Margus Freudenthal",
keywords = "Simpl DSL toolkit, Tool challenge"
}
@article{SCHMITZ2013113,
title = "Map algebra and model algebra for integrated model building",
journal = "Environmental Modelling & Software",
volume = "48",
pages = "113 - 128",
year = "2013",
issn = "1364-8152",
doi = "https://doi.org/10.1016/j.envsoft.2013.06.009",
url = "http://www.sciencedirect.com/science/article/pii/S136481521300145X",
author = "Oliver Schmitz and Derek Karssenberg and Kor de Jong and Jean-Luc de Kok and Steven M. de Jong",
keywords = "Component-based modelling, Spatio-temporal simulation, Biomass-harvest model, Python, PCRaster"
}
@article{LI20101726,
title = "Software development team flexibility antecedents",
journal = "Journal of Systems and Software",
volume = "83",
number = "10",
pages = "1726 - 1734",
year = "2010",
issn = "0164-1212",
doi = "https://doi.org/10.1016/j.jss.2010.04.077",
url = "http://www.sciencedirect.com/science/article/pii/S0164121210001573",
author = "Yuzhu Li and Kuo-Chung Chang and Houn-Gee Chen and James J. Jiang",
keywords = "Team flexibility, Software quality, Software development, Dynamic capability, Software project management, Process, Software skills"
}
@article{DEALMEIDABIOLCHINI2007133,
title = "Scientific research ontology to support systematic review in software engineering",
journal = "Advanced Engineering Informatics",
volume = "21",
number = "2",
pages = "133 - 151",
year = "2007",
note = "Ontology of Systems and Software Engineering; Techniques to Support Collaborative Engineering Environments",
issn = "1474-0346",
doi = "https://doi.org/10.1016/j.aei.2006.11.006",
url = "http://www.sciencedirect.com/science/article/pii/S147403460600070X",
author = "Jorge Calmon de Almeida Biolchini and Paula Gomes Mian and Ana Candida Cruz Natali and Tayana Uchôa Conte and Guilherme Horta Travassos",
keywords = "Experimental software engineering, Systematic review, Experimental study, Ontology, Scientific method"
}
@article{SERCE2011490,
title = "Online collaboration: Collaborative behavior patterns and factors affecting globally distributed team performance",
journal = "Computers in Human Behavior",
volume = "27",
number = "1",
pages = "490 - 503",
year = "2011",
note = "Current Research Topics in Cognitive Load Theory",
issn = "0747-5632",
doi = "https://doi.org/10.1016/j.chb.2010.09.017",
url = "http://www.sciencedirect.com/science/article/pii/S0747563210002931",
author = "Fatma Cemile Serçe and Kathleen Swigger and Ferda Nur Alpaslan and Robert Brazile and George Dafoulas and Victor Lopez",
keywords = "Collaborative learning, Computer-supported collaborative learning, Distributed teams, Collaborative behavior, Global software development, K-means clustering"
}
@article{NUSSBAUM200115,
title = "Development of intelligent tutoring systems using knowledge structures",
journal = "Computers & Education",
volume = "36",
number = "1",
pages = "15 - 32",
year = "2001",
issn = "0360-1315",
doi = "https://doi.org/10.1016/S0360-1315(00)00048-8",
url = "http://www.sciencedirect.com/science/article/pii/S0360131500000488",
author = "Miguel Nussbaum and Ricardo Rosas and Isabel Peirano and Francisco Cárdenas",
keywords = "Knowledge reutilization, Intelligent tutoring system, Elementary school math"
}
@article{CHAN2009803,
title = "Acceptance of agile methodologies: A critical review and conceptual framework",
journal = "Decision Support Systems",
volume = "46",
number = "4",
pages = "803 - 814",
year = "2009",
note = "IT Decisions in Organizations",
issn = "0167-9236",
doi = "https://doi.org/10.1016/j.dss.2008.11.009",
url = "http://www.sciencedirect.com/science/article/pii/S0167923608002133",
author = "Frank K.Y. Chan and James Y.L. Thong",
keywords = "Systems development methodologies, Agile methodologies, Knowledge management, Framework"
}
@incollection{FREUND201591,
title = "Chapter 6 - Analysis Process",
editor = "Jack Freund and Jack Jones",
booktitle = "Measuring and Managing Information Risk",
publisher = "Butterworth-Heinemann",
address = "Boston",
pages = "91 - 104",
year = "2015",
isbn = "978-0-12-420231-3",
doi = "https://doi.org/10.1016/B978-0-12-420231-3.00006-3",
url = "http://www.sciencedirect.com/science/article/pii/B9780124202313000063",
author = "Jack Freund and Jack Jones",
keywords = "Abstraction, Analysis process, Applied risk analysis, Modeling, Scenarios"
}
@article{MARJANI201891,
title = "Measuring transaction performance based on storage approaches of Native XML database",
journal = "Measurement",
volume = "114",
pages = "91 - 101",
year = "2018",
issn = "0263-2241",
doi = "https://doi.org/10.1016/j.measurement.2017.09.028",
url = "http://www.sciencedirect.com/science/article/pii/S0263224117305936",
author = "Mohsen Marjani and Fariza Nasaruddin and Abdullah Gani and Shahaboddin Shamshirband",
keywords = "Native XML database system, Open source product, Storage strategy, Performance evaluation"
}
@article{RAUSCHER1995186,
title = "From experience time-driven development of software in manufactured goods",
journal = "Journal of Product Innovation Management",
volume = "12",
number = "3",
pages = "186 - 199",
year = "1995",
issn = "0737-6782",
doi = "https://doi.org/10.1016/0737-6782(95)00024-N",
url = "http://www.sciencedirect.com/science/article/pii/073767829500024N",
author = "Tomlinson G. Rauscher and Preston G. Smith"
}
@article{ZHUGE2002465,
title = "Knowledge flow management for distributed team software development",
journal = "Knowledge-Based Systems",
volume = "15",
number = "8",
pages = "465 - 471",
year = "2002",
issn = "0950-7051",
doi = "https://doi.org/10.1016/S0950-7051(02)00031-X",
url = "http://www.sciencedirect.com/science/article/pii/S095070510200031X",
author = "Hai Zhuge",
keywords = "Cognitive cooperation, Knowledge flow, Knowledge grid, Team development, Workflow"
}
@article{MOHAN2008922,
title = "Improving change management in software development: Integrating traceability and software configuration management",
journal = "Decision Support Systems",
volume = "45",
number = "4",
pages = "922 - 936",
year = "2008",
note = "Information Technology and Systems in the Internet-Era",
issn = "0167-9236",
doi = "https://doi.org/10.1016/j.dss.2008.03.003",
url = "http://www.sciencedirect.com/science/article/pii/S0167923608000523",
author = "Kannan Mohan and Peng Xu and Lan Cao and Balasubramaniam Ramesh",
keywords = "Software configuration management, Traceability, Change management, Process knowledge"
}
@article{KORKALA2014122,
title = "Waste identification as the means for improving communication in globally distributed agile software development",
journal = "Journal of Systems and Software",
volume = "95",
pages = "122 - 140",
year = "2014",
issn = "0164-1212",
doi = "https://doi.org/10.1016/j.jss.2014.03.080",
url = "http://www.sciencedirect.com/science/article/pii/S0164121214001009",
author = "Mikko Korkala and Frank Maurer",
keywords = "Distributed agile software development, Lean software development, Communication"
}
@article{ROTH2016321,
title = "There's a measure for that!",
journal = "Energy and Buildings",
volume = "117",
pages = "321 - 331",
year = "2016",
issn = "0378-7788",
doi = "https://doi.org/10.1016/j.enbuild.2015.09.056",
url = "http://www.sciencedirect.com/science/article/pii/S0378778815302966",
author = "Amir Roth and David Goldwasser and Andrew Parker",
keywords = "Whole-building energy simulation, Energy conservation measures, Parametric analysis, Uncertainty analysis, Calibration, Reporting, Quality-assurance, Visualization, Automation, Workflow"
}
@article{ROBERTS2001635,
title = "Utilizing knowledge links in the implementation of system development methodologies",
journal = "Information and Software Technology",
volume = "43",
number = "11",
pages = "635 - 640",
year = "2001",
issn = "0950-5849",
doi = "https://doi.org/10.1016/S0950-5849(01)00173-2",
url = "http://www.sciencedirect.com/science/article/pii/S0950584901001732",
author = "Tom L. Roberts and William Leigh and Russell L. Purvis and Monica J. Parzinger",
keywords = "Systems development methodology implementation, Knowledge links, Consultants"
}
@article{RAS2009553,
title = "Using Wikis to support the Net Generation in improving knowledge acquisition in capstone projects",
journal = "Journal of Systems and Software",
volume = "82",
number = "4",
pages = "553 - 562",
year = "2009",
note = "Special Issue: Selected papers from the 2008 IEEE Conference on Software Engineering Education and Training (CSEET08)",
issn = "0164-1212",
doi = "https://doi.org/10.1016/j.jss.2008.12.039",
url = "http://www.sciencedirect.com/science/article/pii/S016412120800277X",
author = "Eric Ras and Jörg Rech",
keywords = "Net Generation, Software engineering education, Capstone project, Web 2.0, Learning space, Knowledge acquisition"
}
@incollection{BAYSAL2016107,
title = "A tailored suit: The big opportunity in personalizing issue tracking",
editor = "Tim Menzies and Laurie Williams and Thomas Zimmermann",
booktitle = "Perspectives on Data Science for Software Engineering",
publisher = "Morgan Kaufmann",
address = "Boston",
pages = "107 - 110",
year = "2016",
isbn = "978-0-12-804206-9",
doi = "https://doi.org/10.1016/B978-0-12-804206-9.00021-0",
url = "http://www.sciencedirect.com/science/article/pii/B9780128042069000210",
author = "O. Baysal",
keywords = "Issue tracking, Personalization, Situational awareness, Developer dashboards"
}
@article{FERNANDEZMADRIGAL201330,
title = "H: A component-based specification language for heterogeneous applications",
journal = "Computer Standards & Interfaces",
volume = "35",
number = "1",
pages = "30 - 49",
year = "2013",
issn = "0920-5489",
doi = "https://doi.org/10.1016/j.csi.2012.03.003",
url = "http://www.sciencedirect.com/science/article/pii/S0920548912000487",
author = "J.A. Fernández-Madrigal and L. Llopis and A. Cruz-Martín and C. Galindo and J. González-Jiménez",
keywords = "Component-Based Software Engineering, Software architectures, Heterogeneous software applications"
}
@article{NETELER2012124,
title = "GRASS GIS: A multi-purpose open source GIS",
journal = "Environmental Modelling & Software",
volume = "31",
pages = "124 - 130",
year = "2012",
issn = "1364-8152",
doi = "https://doi.org/10.1016/j.envsoft.2011.11.014",
url = "http://www.sciencedirect.com/science/article/pii/S1364815211002775",
author = "Markus Neteler and M. Hamish Bowman and Martin Landa and Markus Metz",
keywords = "GIS, GRASS, OSGeo, Open source, Spatial analysis, Remote sensing"
}
@article{WILBERT2013345,
title = "Building extensible frameworks for data processing: The case of MDP, Modular toolkit for Data Processing",
journal = "Journal of Computational Science",
volume = "4",
number = "5",
pages = "345 - 351",
year = "2013",
issn = "1877-7503",
doi = "https://doi.org/10.1016/j.jocs.2011.10.005",
url = "http://www.sciencedirect.com/science/article/pii/S1877750311000913",
author = "Niko Wilbert and Tiziano Zito and Rike-Benjamin Schuppner and Zbigniew Jędrzejewski-Szmek and Laurenz Wiskott and Pietro Berkes",
keywords = "Machine learning, Python, Scientific computing, Computational neuroscience"
}
@article{BOEHM199963,
title = "Optimizing software product integrity through life-cycle process integration",
journal = "Computer Standards & Interfaces",
volume = "21",
number = "1",
pages = "63 - 75",
year = "1999",
issn = "0920-5489",
doi = "https://doi.org/10.1016/S0920-5489(99)00005-7",
url = "http://www.sciencedirect.com/science/article/pii/S0920548999000057",
author = "Barry Boehm and Alexander Egyed",
keywords = "Software product integrity, CMM, Process integration, WinWin, Spiral model, MBASE, View integration"
}
@article{CAFFIAU2010569,
title = "Increasing the expressive power of task analysis: Systematic comparison and empirical assessment of tool-supported task models",
journal = "Interacting with Computers",
volume = "22",
number = "6",
pages = "569 - 593",
year = "2010",
note = "Special Issue on Inclusion and Interaction: Designing Interaction for Inclusive Populations",
issn = "0953-5438",
doi = "https://doi.org/10.1016/j.intcom.2010.06.003",
url = "http://www.sciencedirect.com/science/article/pii/S0953543810000585",
author = "Sybille Caffiau and Dominique Scapin and Patrick Girard and Mickaël Baron and Francis Jambon",
keywords = "Task models, Tool-supported task modelling, Empirical assessment"
}
@article{MELCHIOR201699,
title = "Crowdsourcing quality control for Dark Energy Survey images",
journal = "Astronomy and Computing",
volume = "16",
pages = "99 - 108",
year = "2016",
issn = "2213-1337",
doi = "https://doi.org/10.1016/j.ascom.2016.04.003",
url = "http://www.sciencedirect.com/science/article/pii/S2213133716300373",
author = "P. Melchior and E. Sheldon and A. Drlica-Wagner and E.S. Rykoff and T.M.C. Abbott and F.B. Abdalla and S. Allam and A. Benoit-Lévy and D. Brooks and E. Buckley-Geer and A. Carnero Rosell and M. Carrasco Kind and J. Carretero and M. Crocce and C.B. D’Andrea and L.N. da Costa and S. Desai and P. Doel and A.E. Evrard and D.A. Finley and B. Flaugher and J. Frieman and E. Gaztanaga and D.W. Gerdes and D. Gruen and R.A. Gruendl and K. Honscheid and D.J. James and M. Jarvis and K. Kuehn and T.S. Li and M.A.G. Maia and M. March and J.L. Marshall and B. Nord and R. Ogando and A.A. Plazas and A.K. Romer and E. Sanchez and V. Scarpine and I. Sevilla-Noarbe and R.C. Smith and M. Soares-Santos and E. Suchyta and M.E.C. Swanson and G. Tarle and V. Vikram and A.R. Walker and W. Wester and Y. Zhang",
keywords = "Surveys, Information systems: Crowdsourcing, Human-centered computing: Collaborative filtering"
}
@article{SNAPRUD1994223,
title = "Types and inheritance in hypertext",
journal = "International Journal of Human-Computer Studies",
volume = "41",
number = "1",
pages = "223 - 241",
year = "1994",
issn = "1071-5819",
doi = "https://doi.org/10.1006/ijhc.1994.1057",
url = "http://www.sciencedirect.com/science/article/pii/S1071581984710573",
author = "Mikael Snaprud and Hermann Kaindl"
}
@article{SAGE201728,
title = "DeconvolutionLab2: An open-source software for deconvolution microscopy",
journal = "Methods",
volume = "115",
pages = "28 - 41",
year = "2017",
note = "Image Processing for Biologists",
issn = "1046-2023",
doi = "https://doi.org/10.1016/j.ymeth.2016.12.015",
url = "http://www.sciencedirect.com/science/article/pii/S1046202316305096",
author = "Daniel Sage and Lauréne Donati and Ferréol Soulez and Denis Fortun and Guillaume Schmit and Arne Seitz and Romain Guiet and Cédric Vonesch and Michael Unser",
keywords = "Deconvolution microscopy, Open-source software, Standard algorithms, Textbook approach, Reference datasets"
}
@article{PFAHL2001283,
title = "A CBT module with integrated simulation component for software project management education and training",
journal = "Journal of Systems and Software",
volume = "59",
number = "3",
pages = "283 - 298",
year = "2001",
note = "Software Process Simulation Modeling",
issn = "0164-1212",
doi = "https://doi.org/10.1016/S0164-1212(01)00069-3",
url = "http://www.sciencedirect.com/science/article/pii/S0164121201000693",
author = "Dietmar Pfahl and Marco Klemm and Günther Ruhe",
keywords = "Computer-based training, Controlled experiment, Empirical study, Process simulation, Software engineering education, Software project management, System dynamics"
}
@article{WIECHERT1992441,
title = "Hybrid Modelling of Bioprocesses within a Network Transformation Framework: A Software Engineering Concept",
journal = "IFAC Proceedings Volumes",
volume = "25",
number = "2",
pages = "441 - 444",
year = "1992",
note = "2nd IFAC Symposium on Modelling and Control of Biotechnical Processes 1992 and Computer Applications in Fermentation Technology (5th International Conference), Keystone, Colorado, 29 March-2 April",
issn = "1474-6670",
doi = "https://doi.org/10.1016/S1474-6670(17)50411-5",
url = "http://www.sciencedirect.com/science/article/pii/S1474667017504115",
author = "W. Wiechert and T. Höner and C. Hausmann and M. Möllney and M. Kinder-theißen",
keywords = "modeling paradigms, robust bioprocess control, variable structure control, method integration, software engineering, object oriented design, software development, BioProcess ToolKit"
}
@article{ANDRADE2007902,
title = "Towards a lessons learned system for critical software",
journal = "Reliability Engineering & System Safety",
volume = "92",
number = "7",
pages = "902 - 913",
year = "2007",
issn = "0951-8320",
doi = "https://doi.org/10.1016/j.ress.2006.05.016",
url = "http://www.sciencedirect.com/science/article/pii/S0951832006001347",
author = "J. Andrade and J. Ares and R. García and J. Pazos and S. Rodríguez and A. Rodríguez-Patón and A. Silva",
keywords = "Accident reports, Critical software, Knowledge management, Lessons learned systems, Software safety"
}
@article{BRINCKMAN2018,
title = "Collaborative circuit designs using the CRAFT repository",
journal = "Future Generation Computer Systems",
year = "2018",
issn = "0167-739X",
doi = "https://doi.org/10.1016/j.future.2018.01.018",
url = "http://www.sciencedirect.com/science/article/pii/S0167739X17310683",
author = "Adam Brinckman and Ewa Deelman and Sandeep Gupta and Jarek Nabrzyski and Soowang Park and Rafael Ferreira da Silva and Ian J. Taylor and Karan Vahi",
keywords = "Collaborative environments, Design flows, Chip design"
}
@article{MOORE201224,
title = "The Search for a New OPAC: Selecting an Open Source Discovery Layer",
journal = "Serials Review",
volume = "38",
number = "1",
pages = "24 - 30",
year = "2012",
issn = "0098-7913",
doi = "https://doi.org/10.1016/j.serrev.2011.12.005",
url = "http://www.sciencedirect.com/science/article/pii/S0098791311001705",
author = "Kate B. Moore and Courtney Greene"
}
@article{LINGERFELT20141504,
title = "Near Real-time Data Analysis of Core-collapse Supernova Simulations with Bellerophon",
journal = "Procedia Computer Science",
volume = "29",
pages = "1504 - 1514",
year = "2014",
note = "2014 International Conference on Computational Science",
issn = "1877-0509",
doi = "https://doi.org/10.1016/j.procs.2014.05.136",
url = "http://www.sciencedirect.com/science/article/pii/S1877050914003135",
author = "E.J. Lingerfelt and O.E.B. Messer and S.S. Desai and C.A. Holt and E.J. Lentz",
keywords = "data analysis, visualization, core-collapse supernovae, n-tier architecture, software engineering, usability, workflow management, artifact management"
}
@article{RAUTERBERG1995391,
title = "Benefits of user-oriented software development based on an iterative cyclic process model for simultaneous engineering",
journal = "International Journal of Industrial Ergonomics",
volume = "16",
number = "4",
pages = "391 - 409",
year = "1995",
note = "Simultaneous Engineering and Human Factors",
issn = "0169-8141",
doi = "https://doi.org/10.1016/0169-8141(95)00021-8",
url = "http://www.sciencedirect.com/science/article/pii/0169814195000218",
author = "Matthias Rauterberg and Oliver Strohm and Christina Kirsch",
keywords = "User-oriented requirements analysis and data modelling, Human-centred technology, Simultaneous software engineering, Social and organizational issues, Iterative cyclic process model, Industrial practice"
}
@article{HEINTZ1991281,
title = "An object-oriented approach to planning and managing software development projects",
journal = "Information & Management",
volume = "20",
number = "4",
pages = "281 - 293",
year = "1991",
issn = "0378-7206",
doi = "https://doi.org/10.1016/0378-7206(91)90020-3",
url = "http://www.sciencedirect.com/science/article/pii/0378720691900203",
author = "Timothy J. Heintz",
keywords = "Project management, Object-oriented programming, Planning knowledge representation, Artificial intelligence, Software design and development"
}
@article{HUEBNER2012367,
title = "BADGr—A toolbox for box-based approximation, decomposition and GRasping",
journal = "Robotics and Autonomous Systems",
volume = "60",
number = "3",
pages = "367 - 376",
year = "2012",
note = "Autonomous Grasping",
issn = "0921-8890",
doi = "https://doi.org/10.1016/j.robot.2011.07.021",
url = "http://www.sciencedirect.com/science/article/pii/S0921889011001539",
author = "Kai Huebner",
keywords = "Part-based grasping, 3D shape approximation, Grasp database generation, Open source software"
}
@article{TESSEM2014873,
title = "Individual empowerment of agile and non-agile software developers in small teams",
journal = "Information and Software Technology",
volume = "56",
number = "8",
pages = "873 - 889",
year = "2014",
issn = "0950-5849",
doi = "https://doi.org/10.1016/j.infsof.2014.02.005",
url = "http://www.sciencedirect.com/science/article/pii/S0950584914000470",
author = "Bjørnar Tessem",
keywords = "Software development, Agile methods, Empowerment"
}
@article{STRASUNSKAS20121239,
title = "Domain model-driven software engineering: A method for discovery of dependency links",
journal = "Information and Software Technology",
volume = "54",
number = "11",
pages = "1239 - 1249",
year = "2012",
issn = "0950-5849",
doi = "https://doi.org/10.1016/j.infsof.2012.06.004",
url = "http://www.sciencedirect.com/science/article/pii/S0950584912001073",
author = "Darijus Strasunskas and Sari E. Hakkarainen",
keywords = "Information systems development, Domain model-based information system design, Dependency management, Software engineering, Randomized experiment"
}
@article{GARCIA200449,
title = "A Framework for Integrating Control Engineering Knowledge in Computer Systems",
journal = "IFAC Proceedings Volumes",
volume = "37",
number = "5",
pages = "49 - 54",
year = "2004",
note = "7th IFAC Symposium on Cost-Oriented Automation (COA 2004), Gatineau, Québec, Canada, 6-9 June 2004",
issn = "1474-6670",
doi = "https://doi.org/10.1016/S1474-6670(17)32342-X",
url = "http://www.sciencedirect.com/science/article/pii/S147466701732342X",
author = "Isaías García and José R. Villar and Carmen Benavides and Francisco J. Rodríguez and Ángel Alonso",
keywords = "Control Engineering Software, Software Engineering, Software Integration, Knowledge Engineering, Engineering Ontologies, Knowledge-Based Systems"
}
@article{YOO2013477,
title = "A RESEARCH ON SEAMLESS PLATFORM CHANGE OF REACTOR PROTECTION SYSTEM FROM PLC TO FPGA",
journal = "Nuclear Engineering and Technology",
volume = "45",
number = "4",
pages = "477 - 488",
year = "2013",
issn = "1738-5733",
doi = "https://doi.org/10.5516/NET.04.2012.078",
url = "http://www.sciencedirect.com/science/article/pii/S1738573315300334",
author = "JUNBEOM YOO and JONG-HOON LEE and JANG-SOO LEE",
keywords = "Embedded Software Development, PLC, FPGA, FBD, Verilog, Program Transformation"
}
@article{MARINOVA2016226,
title = "Optimization of the Battery Schedule for Residential Microgrid Applications",
journal = "IFAC-PapersOnLine",
volume = "49",
number = "29",
pages = "226 - 231",
year = "2016",
note = "17th IFAC Conference on International Stability, Technology and Culture TECIS 2016",
issn = "2405-8963",
doi = "https://doi.org/10.1016/j.ifacol.2016.11.055",
url = "http://www.sciencedirect.com/science/article/pii/S2405896316324818",
author = "Galia I. Marinova and Vassil G. Guliashki",
keywords = "Models & Simulation, Intelligent Systems, Applications, Cost Effective Operation, Maintenance, Microgrids, Energy Scheduling Optimization"
}
@article{HUANG2016166,
title = "Novel heuristic speculative execution strategies in heterogeneous distributed environments",
journal = "Computers & Electrical Engineering",
volume = "50",
pages = "166 - 179",
year = "2016",
issn = "0045-7906",
doi = "https://doi.org/10.1016/j.compeleceng.2015.06.013",
url = "http://www.sciencedirect.com/science/article/pii/S0045790615002177",
author = "Xin Huang and Longxin Zhang and Renfa Li and Lanjun Wan and Keqin Li",
keywords = "Cloud computing, Dynamic loading, Hadoop, MapReduce, Speculative execution"
}
@article{SARITAS201453,
title = "A model driven architecture for the development of smart card software",
journal = "Computer Languages, Systems & Structures",
volume = "40",
number = "2",
pages = "53 - 72",
year = "2014",
issn = "1477-8424",
doi = "https://doi.org/10.1016/j.cl.2014.02.001",
url = "http://www.sciencedirect.com/science/article/pii/S1477842414000025",
author = "Hidayet Burak Saritas and Geylani Kardas",
keywords = "Model driven architecture, Metamodel, Model transformation, Smart card, Java Card, Basic card"
}
@article{KABANZA2001327,
title = "Intelligent image analysis for environment monitoring",
journal = "Advances in Environmental Research",
volume = "5",
number = "4",
pages = "327 - 335",
year = "2001",
note = "International Symposium on Environmental Software Systems (ISESS 2000)",
issn = "1093-0191",
doi = "https://doi.org/10.1016/S1093-0191(01)00083-1",
url = "http://www.sciencedirect.com/science/article/pii/S1093019101000831",
author = "Froduald Kabanza and Dominic Bourdua and Goze Bénié",
keywords = "Remote sensing, Image analysis, Software development, Agents, Environmental monitoring"
}
@article{DAHLANDER2008629,
title = "How do Firms Make Use of Open Source Communities?",
journal = "Long Range Planning",
volume = "41",
number = "6",
pages = "629 - 649",
year = "2008",
issn = "0024-6301",
doi = "https://doi.org/10.1016/j.lrp.2008.09.003",
url = "http://www.sciencedirect.com/science/article/pii/S0024630108000836",
author = "Linus Dahlander and Mats Magnusson"
}
@article{BRUNO20151559,
title = "MAKO: MAnufacturing Knowledge Organization system to support SME",
journal = "IFAC-PapersOnLine",
volume = "48",
number = "3",
pages = "1559 - 1564",
year = "2015",
note = "15th IFAC Symposium onInformation Control Problems inManufacturing",
issn = "2405-8963",
doi = "https://doi.org/10.1016/j.ifacol.2015.06.308",
url = "http://www.sciencedirect.com/science/article/pii/S2405896315005479",
author = "Giulia Bruno and Teresa Taurino and Agostino Villa",
keywords = "Knowledge modelling, manufacturing systems, information retrieval, UML, PLM"
}
@article{KUIPERS20151,
title = "Code optimization in FORM",
journal = "Computer Physics Communications",
volume = "189",
pages = "1 - 19",
year = "2015",
issn = "0010-4655",
doi = "https://doi.org/10.1016/j.cpc.2014.08.008",
url = "http://www.sciencedirect.com/science/article/pii/S0010465514002756",
author = "J. Kuipers and T. Ueda and J.A.M. Vermaseren",
keywords = "Computational techniques"
}
@article{SANHOUSEGARCIA201627,
title = "Land use mapping from CBERS-2 images with open source tools by applying different classification algorithms",
journal = "Physics and Chemistry of the Earth, Parts A/B/C",
volume = "91",
pages = "27 - 37",
year = "2016",
note = "Appropriate Technology and Climate Change Adaptation for Water Resources Management",
issn = "1474-7065",
doi = "https://doi.org/10.1016/j.pce.2015.12.004",
url = "http://www.sciencedirect.com/science/article/pii/S1474706515001837",
author = "Antonio J. Sanhouse-García and Jesús Gabriel Rangel-Peraza and Yaneth Bustos-Terrones and Alfonso García-Ferrer and Francisco J. Mesas-Carrascosa",
keywords = "Geographic information systems, Free software, Digital image processing, Land use classification, Forest management, Territorial administration"
}
@article{SCHAAT2016429,
title = "A Case-driven Methodology for the Interdisciplinary Development and Examination of Mental Architectures",
journal = "Procedia Computer Science",
volume = "88",
pages = "429 - 437",
year = "2016",
note = "7th Annual International Conference on Biologically Inspired Cognitive Architectures, BICA 2016, held July 16 to July 19, 2016 in New York City, NY, USA",
issn = "1877-0509",
doi = "https://doi.org/10.1016/j.procs.2016.07.460",
url = "http://www.sciencedirect.com/science/article/pii/S1877050916317161",
author = "Samer Schaat",
keywords = "Mental architectures, cognitive architectures, evaluation, validation, simulation, SiMA"
}
@article{MANGO2010194,
title = "Performance analysis as a tool to support the teaching didactic",
journal = "Procedia - Social and Behavioral Sciences",
volume = "9",
pages = "194 - 197",
year = "2010",
note = "World Conference on Learning, Teaching and Administration Papers",
issn = "1877-0428",
doi = "https://doi.org/10.1016/j.sbspro.2010.12.135",
url = "http://www.sciencedirect.com/science/article/pii/S1877042810022408",
author = "Pietro Mango and Francesco Sgrò and Salvatore Pignato and Alessandra Lo Piccolo and Simona Nicolosi and Rosaria Schembri and Mario Lipoma",
keywords = "Performance analysis, objective assessment, physical activity, teaching skills, open-source software"
}
@article{TRIVINO20093973,
title = "Towards an architecture for semiautonomous robot telecontrol systems",
journal = "Information Sciences",
volume = "179",
number = "23",
pages = "3973 - 3984",
year = "2009",
issn = "0020-0255",
doi = "https://doi.org/10.1016/j.ins.2009.08.007",
url = "http://www.sciencedirect.com/science/article/pii/S0020025509003545",
author = "Gracian Trivino and Luis Mengual and Albert van der Heide",
keywords = "Robot telecontrol, Semiautonomous robot, System architecture, Human–robot interface"
}
@incollection{RUSSO201619,
title = "The need for data analysis patterns (in software engineering)",
editor = "Tim Menzies and Laurie Williams and Thomas Zimmermann",
booktitle = "Perspectives on Data Science for Software Engineering",
publisher = "Morgan Kaufmann",
address = "Boston",
pages = "19 - 23",
year = "2016",
isbn = "978-0-12-804206-9",
doi = "https://doi.org/10.1016/B978-0-12-804206-9.00004-0",
url = "http://www.sciencedirect.com/science/article/pii/B9780128042069000040",
author = "B. Russo",
keywords = "Data analysis, Data types, Data analysis patterns, Scikit-learn initiative, Software engineering data, Anti-pattern"
}
@article{BLANDFORD1998245,
title = "Training software engineers in a novel usability evaluation technique",
journal = "International Journal of Human-Computer Studies",
volume = "49",
number = "3",
pages = "245 - 279",
year = "1998",
issn = "1071-5819",
doi = "https://doi.org/10.1006/ijhc.1998.0204",
url = "http://www.sciencedirect.com/science/article/pii/S107158199890204X",
author = "ANN E. BLANDFORD and SIMON J. BUCKINGHAM SHUM and RICHARD M. YOUNG"
}
@article{BRUGGEMAN2014249,
title = "A general framework for aquatic biogeochemical models",
journal = "Environmental Modelling & Software",
volume = "61",
pages = "249 - 265",
year = "2014",
issn = "1364-8152",
doi = "https://doi.org/10.1016/j.envsoft.2014.04.002",
url = "http://www.sciencedirect.com/science/article/pii/S1364815214001066",
author = "Jorn Bruggeman and Karsten Bolding",
keywords = "Hydrodynamics, Ecological modelling, Biogeochemical modelling, Coupling, Framework"
}
@article{JURISTO1998145,
title = "Common framework for the evaluation process of KBS and conventional software",
journal = "Knowledge-Based Systems",
volume = "11",
number = "2",
pages = "145 - 159",
year = "1998",
issn = "0950-7051",
doi = "https://doi.org/10.1016/S0950-7051(98)00047-1",
url = "http://www.sciencedirect.com/science/article/pii/S0950705198000471",
author = "N Juristo and J.L Morant",
keywords = "Validation, Verification, KBS evaluation, Testing, Software evaluation"
}
@article{WAN2016446,
title = "Exploring the Advantages of Content Management Systems for Managing Engineering Knowledge in Product-service Systems",
journal = "Procedia CIRP",
volume = "56",
pages = "446 - 450",
year = "2016",
note = "The 9th International Conference on Digital Enterprise Technology – Intelligent Manufacturing in the Knowledge Economy Era",
issn = "2212-8271",
doi = "https://doi.org/10.1016/j.procir.2016.10.087",
url = "http://www.sciencedirect.com/science/article/pii/S2212827116310794",
author = "Shan Wan and Dongbo Li and James Gao",
keywords = "Content Management System, Product-Service Systems, Knowledge Management, Machine Tools Maintenance"
}
@article{BUYUKOZKAN2010441,
title = "Choquet integral based aggregation approach to software development risk assessment",
journal = "Information Sciences",
volume = "180",
number = "3",
pages = "441 - 451",
year = "2010",
issn = "0020-0255",
doi = "https://doi.org/10.1016/j.ins.2009.09.009",
url = "http://www.sciencedirect.com/science/article/pii/S0020025509004009",
author = "Gülçi˙n Büyüközkan and Da Ruan",
keywords = "Software development risks, Project risk assessment, Multi-attribute decision-making, Choquet integral, Aggregation"
}
@article{PANTAZIS20171465,
title = "3D printing as a means of learning and communication: The 3Ducation project revisited",
journal = "Telematics and Informatics",
volume = "34",
number = "8",
pages = "1465 - 1476",
year = "2017",
issn = "0736-5853",
doi = "https://doi.org/10.1016/j.tele.2017.06.010",
url = "http://www.sciencedirect.com/science/article/pii/S0736585317302939",
author = "Alekos Pantazis and Christina Priavolou",
keywords = "3D printing, Open-source, Collaboration, Non-formal education, Constructionism, Participatory action research"
}
@article{DRAGUSIN2013528,
title = "FindZebra: A search engine for rare diseases",
journal = "International Journal of Medical Informatics",
volume = "82",
number = "6",
pages = "528 - 538",
year = "2013",
issn = "1386-5056",
doi = "https://doi.org/10.1016/j.ijmedinf.2013.01.005",
url = "http://www.sciencedirect.com/science/article/pii/S1386505613000166",
author = "Radu Dragusin and Paula Petcu and Christina Lioma and Birger Larsen and Henrik L. Jørgensen and Ingemar J. Cox and Lars Kai Hansen and Peter Ingwersen and Ole Winther",
keywords = "Rare diseases, Specialised search engine, Information retrieval, Evaluation of web search engines"
}
@article{XIAO2009933,
title = "An adaptive security model using agent-oriented MDA",
journal = "Information and Software Technology",
volume = "51",
number = "5",
pages = "933 - 955",
year = "2009",
note = "SPECIAL ISSUE: Model-Driven Development for Secure Information Systems",
issn = "0950-5849",
doi = "https://doi.org/10.1016/j.infsof.2008.05.005",
url = "http://www.sciencedirect.com/science/article/pii/S0950584908000748",
author = "Liang Xiao",
keywords = "Adaptive security model, Agent-oriented model-driven architecture, Agent-oriented software engineering, Role-based access control, Adaptive and secure multi-agent systems"
}
@article{KOSTI2014973,
title = "Personality, emotional intelligence and work preferences in software engineering: An empirical study",
journal = "Information and Software Technology",
volume = "56",
number = "8",
pages = "973 - 990",
year = "2014",
issn = "0950-5849",
doi = "https://doi.org/10.1016/j.infsof.2014.03.004",
url = "http://www.sciencedirect.com/science/article/pii/S0950584914000639",
author = "Makrina Viola Kosti and Robert Feldt and Lefteris Angelis",
keywords = "Software engineering, Personality, Empirical study, Five Factor Model, Self-compassion, TEIQue"
}
@article{BOUDREAU20154,
title = "“Open” disclosure of innovations, incentives and follow-on reuse: Theory on processes of cumulative innovation and a field experiment in computational biology",
journal = "Research Policy",
volume = "44",
number = "1",
pages = "4 - 19",
year = "2015",
issn = "0048-7333",
doi = "https://doi.org/10.1016/j.respol.2014.08.001",
url = "http://www.sciencedirect.com/science/article/pii/S0048733314001425",
author = "Kevin J. Boudreau and Karim R. Lakhani",
keywords = "Innovation, Disclosures, Search, Incentives, Policy, Open innovation"
}
@article{GRAPENTHIN2015254,
title = "Improving task breakdown comprehensiveness in agile projects with an Interaction Room",
journal = "Information and Software Technology",
volume = "67",
pages = "254 - 264",
year = "2015",
issn = "0950-5849",
doi = "https://doi.org/10.1016/j.infsof.2015.07.008",
url = "http://www.sciencedirect.com/science/article/pii/S0950584915001317",
author = "Simon Grapenthin and Steven Poggel and Matthias Book and Volker Gruhn",
keywords = "Scrum, Sprint planning meeting, Task breakdown, Interaction Room"
}
@article{GHANBARI201532,
title = "Utilizing online serious games to facilitate distributed requirements elicitation",
journal = "Journal of Systems and Software",
volume = "109",
pages = "32 - 49",
year = "2015",
issn = "0164-1212",
doi = "https://doi.org/10.1016/j.jss.2015.07.017",
url = "http://www.sciencedirect.com/science/article/pii/S0164121215001491",
author = "Hadi Ghanbari and Jouni Similä and Jouni Markkula",
keywords = "Innovative requirements elicitation, Global software development, Serious games"
}
@article{XU2010585,
title = "Rule-based automatic software performance diagnosis and improvement",
journal = "Performance Evaluation",
volume = "67",
number = "8",
pages = "585 - 611",
year = "2010",
note = "Special Issue on Software and Performance",
issn = "0166-5316",
doi = "https://doi.org/10.1016/j.peva.2009.07.004",
url = "http://www.sciencedirect.com/science/article/pii/S0166531609000893",
author = "Jing Xu",
keywords = "D.2.2 [Software Engineering]: Design Tools and Techniques — , Measurement, Performance, Design, Experimentation, Rules, Performance diagnosis, Design improvement, Layered queuing networks, Bottleneck"
}
@article{HOLM20181302,
title = "Fully reliable error control for first-order evolutionary problems",
journal = "Computers & Mathematics with Applications",
volume = "75",
number = "4",
pages = "1302 - 1329",
year = "2018",
issn = "0898-1221",
doi = "https://doi.org/10.1016/j.camwa.2017.11.008",
url = "http://www.sciencedirect.com/science/article/pii/S0898122117307083",
author = "Bärbel Holm and Svetlana Matculevich"
}
@article{SAITO2016296,
title = "Predicting software reliability via completely monotone nonparametric estimator with grouped data",
journal = "Journal of Systems and Software",
volume = "117",
pages = "296 - 306",
year = "2016",
issn = "0164-1212",
doi = "https://doi.org/10.1016/j.jss.2016.03.047",
url = "http://www.sciencedirect.com/science/article/pii/S0164121216300073",
author = "Yasuhiro Saito and Tadashi Dohi",
keywords = "Software reliability, Completely monotone nonparametric estimator, Grouped data"
}
@article{FIENEN201514,
title = "A cross-validation package driving Netica with python",
journal = "Environmental Modelling & Software",
volume = "63",
pages = "14 - 23",
year = "2015",
issn = "1364-8152",
doi = "https://doi.org/10.1016/j.envsoft.2014.09.007",
url = "http://www.sciencedirect.com/science/article/pii/S1364815214002606",
author = "Michael N. Fienen and Nathaniel G. Plant",
keywords = "Cross-validation, Bayesian networks, Uncertainty, Probability, Python, Netica, Prediction"
}
@incollection{SCHMIDT2013335,
title = "Chapter 20 - Software Acceptance Testing",
editor = "Richard F. Schmidt",
booktitle = "Software Engineering",
publisher = "Morgan Kaufmann",
address = "Boston",
pages = "335 - 341",
year = "2013",
isbn = "978-0-12-407768-3",
doi = "https://doi.org/10.1016/B978-0-12-407768-3.00020-3",
url = "http://www.sciencedirect.com/science/article/pii/B9780124077683000203",
author = "Richard F. Schmidt",
keywords = "deployment readiness review (DRR), deviations, waivers, software deployment data package, software product baseline, build procedures, process qualification, functional configuration audit (FCA), physical configuration audit (PCA)"
}
@article{CARVALHO2005113,
title = "An exploratory study into the use of qualitative research methods in descriptive process modelling",
journal = "Information and Software Technology",
volume = "47",
number = "2",
pages = "113 - 127",
year = "2005",
issn = "0950-5849",
doi = "https://doi.org/10.1016/j.infsof.2004.06.005",
url = "http://www.sciencedirect.com/science/article/pii/S0950584904000977",
author = "Lucila Carvalho and Louise Scott and Ross Jeffery",
keywords = "Descriptive process modelling, Qualitative research methods, Process engineering, Software engineering"
}
@incollection{SCHMIDT2013305,
title = "Chapter 18 - Software Architecture Definition",
editor = "Richard F. Schmidt",
booktitle = "Software Engineering",
publisher = "Morgan Kaufmann",
address = "Boston",
pages = "305 - 322",
year = "2013",
isbn = "978-0-12-407768-3",
doi = "https://doi.org/10.1016/B978-0-12-407768-3.00018-5",
url = "http://www.sciencedirect.com/science/article/pii/B9780124077683000185",
author = "Richard F. Schmidt",
keywords = "preliminary architecture definition, preliminary design review (PDR), detailed architecture definition, critical design review (CDR)"
}
@article{MARTIN2015131,
title = "An approach for de-identification of point locations of livestock premises for further use in disease spread modeling",
journal = "Preventive Veterinary Medicine",
volume = "120",
number = "2",
pages = "131 - 140",
year = "2015",
issn = "0167-5877",
doi = "https://doi.org/10.1016/j.prevetmed.2015.04.010",
url = "http://www.sciencedirect.com/science/article/pii/S0167587715001415",
author = "Michael K. Martin and Julie Helm and Kelly A. Patyk",
keywords = "Modeling, Simulation, K-anonymity, Privacy, Confidentiality, Random permutation"
}
@article{NGUYEN200663,
title = "A decision model for managing software development projects",
journal = "Information & Management",
volume = "43",
number = "1",
pages = "63 - 75",
year = "2006",
issn = "0378-7206",
doi = "https://doi.org/10.1016/j.im.2005.01.006",
url = "http://www.sciencedirect.com/science/article/pii/S0378720605000200",
author = "Thang N. Nguyen",
keywords = "Software development, Decision model, Software project management, Software quality, Key indicators"
}
@article{LUBKE20171006,
title = "Extracting and Conserving Production Data as Test Cases in Executable Business Process Architectures",
journal = "Procedia Computer Science",
volume = "121",
pages = "1006 - 1013",
year = "2017",
note = "CENTERIS 2017 - International Conference on ENTERprise Information Systems / ProjMAN 2017 - International Conference on Project MANagement / HCist 2017 - International Conference on Health and Social Care Information Systems and Technologies, CENTERIS/ProjMAN/HCist 2017",
issn = "1877-0509",
doi = "https://doi.org/10.1016/j.procs.2017.11.130",
url = "http://www.sciencedirect.com/science/article/pii/S1877050917323323",
author = "Daniel Lübke",
keywords = "Process Mining, Regression Test, Unit Test, Test Case Extraction"
}
@article{FAR199673,
title = "Merging CASE tools with knowledge-based technology for automatic software design",
journal = "Decision Support Systems",
volume = "18",
number = "1",
pages = "73 - 82",
year = "1996",
note = "Artificial Intelligence and Expert Systems",
issn = "0167-9236",
doi = "https://doi.org/10.1016/0167-9236(96)00019-X",
url = "http://www.sciencedirect.com/science/article/pii/016792369600019X",
author = "Behrouz H. Far and Mari Ohmori and Takeshi Baba and Yasukiyo Yamasaki and Zenya Koono",
keywords = "Software design, Expert system, Specification description language (SDL), CASE tool"
}
@article{COCKETT2015142,
title = "SimPEG: An open source framework for simulation and gradient based parameter estimation in geophysical applications",
journal = "Computers & Geosciences",
volume = "85",
pages = "142 - 154",
year = "2015",
issn = "0098-3004",
doi = "https://doi.org/10.1016/j.cageo.2015.09.015",
url = "http://www.sciencedirect.com/science/article/pii/S009830041530056X",
author = "Rowan Cockett and Seogi Kang and Lindsey J. Heagy and Adam Pidlisecky and Douglas W. Oldenburg",
keywords = "Geophysics, Numerical modeling, Inversion, Electromagnetics, Sensitivities, Object-oriented programming"
}