@article{ENDERLE2001297,
title = "Miro: Middleware for Autonomous Mobile Robots",
journal = "IFAC Proceedings Volumes",
volume = "34",
number = "9",
pages = "297 - 302",
year = "2001",
note = "IFAC Conference on Telematics Applications in Automation and Robotics, Weingarten, Germany, 24-26 July 2001",
issn = "1474-6670",
doi = "https://doi.org/10.1016/S1474-6670(17)41721-6",
url = "http://www.sciencedirect.com/science/article/pii/S1474667017417216",
author = "Stefan Enderle and Hans Utz and Stefan Sablatnög and Steffen Simon and Gerhard Kraetzschmar and Günther Palm",
keywords = "Autonomous mobile robots, Co-operation, Distributed control, Multilevel control, Object-oriented programming"
}
@article{VIGER2008891,
title = "The GIS Weasel: An interface for the development of geographic information used in environmental simulation modeling",
journal = "Computers & Geosciences",
volume = "34",
number = "8",
pages = "891 - 901",
year = "2008",
issn = "0098-3004",
doi = "https://doi.org/10.1016/j.cageo.2007.07.004",
url = "http://www.sciencedirect.com/science/article/pii/S0098300408000022",
author = "Roland J. Viger",
keywords = "GIS, Environmental simulation modeling, Landscape characterization, Feature delineation, Spatial analysis"
}
@article{CARNEIRO2013104,
title = "An extensible toolbox for modeling nature–society interactions",
journal = "Environmental Modelling & Software",
volume = "46",
pages = "104 - 117",
year = "2013",
issn = "1364-8152",
doi = "https://doi.org/10.1016/j.envsoft.2013.03.002",
url = "http://www.sciencedirect.com/science/article/pii/S1364815213000534",
author = "Tiago Garcia de Senna Carneiro and Pedro Ribeiro de Andrade and Gilberto Câmara and Antônio Miguel Vieira Monteiro and Rodrigo Reis Pereira",
keywords = "Nature–society models, Multi-scale modeling, Environmental modeling, Discrete event simulation, Cellular automata, Multi-agent systems"
}
@article{STURM20141390,
title = "Evaluating the productivity of a reference-based programming approach: A controlled experiment",
journal = "Information and Software Technology",
volume = "56",
number = "10",
pages = "1390 - 1402",
year = "2014",
issn = "0950-5849",
doi = "https://doi.org/10.1016/j.infsof.2014.05.003",
url = "http://www.sciencedirect.com/science/article/pii/S0950584914001062",
author = "Arnon Sturm and Oded Kramer",
keywords = "Productivity, Programming, Software reusability, Software quality, Domain engineering"
}
@article{LIANG2002199,
title = "Computational analysis of microarray gene expression profiles: clustering, classification, and beyond",
journal = "Chemometrics and Intelligent Laboratory Systems",
volume = "62",
number = "2",
pages = "199 - 216",
year = "2002",
issn = "0169-7439",
doi = "https://doi.org/10.1016/S0169-7439(02)00014-X",
url = "http://www.sciencedirect.com/science/article/pii/S016974390200014X",
author = "Jie Liang and Seman Kachalo",
keywords = "Microarray gene expression profiles, Computational analysis, Clustering"
}
@article{ALBA20083161,
title = "Observations in using parallel and sequential evolutionary algorithms for automatic software testing",
journal = "Computers & Operations Research",
volume = "35",
number = "10",
pages = "3161 - 3183",
year = "2008",
note = "Part Special Issue: Search-based Software Engineering",
issn = "0305-0548",
doi = "https://doi.org/10.1016/j.cor.2007.01.016",
url = "http://www.sciencedirect.com/science/article/pii/S0305054807000378",
author = "Enrique Alba and Francisco Chicano",
keywords = "Software testing, Evolutionary algorithms, Evolutionary testing, Parallel evolutionary algorithms"
}
@article{GOMAA1992281,
title = "Knowledge-based approach to domain modeling: Application to nasa's payload operations control centers",
journal = "Telematics and Informatics",
volume = "9",
number = "3",
pages = "281 - 296",
year = "1992",
note = "Neural Networks and Artificial Intelligence Technologies for Space Applications",
issn = "0736-5853",
doi = "https://doi.org/10.1016/S0736-5853(05)80042-5",
url = "http://www.sciencedirect.com/science/article/pii/S0736585305800425",
author = "Hassan Gomaa and Larry Kerschberg and Vijayan Sugumaran"
}
@article{SPIES2010404,
title = "An ontology modelling perspective on business reporting",
journal = "Information Systems",
volume = "35",
number = "4",
pages = "404 - 416",
year = "2010",
note = "Vocabularies, Ontologies and Rules for Enterprise and Business Process Modeling and Management",
issn = "0306-4379",
doi = "https://doi.org/10.1016/j.is.2008.12.003",
url = "http://www.sciencedirect.com/science/article/pii/S0306437908000938",
author = "Marcus Spies",
keywords = "Enterprise information integration and interoperability, Languages for conceptual modelling, Ontological approaches to content and knowledge management, Ontology-based software engineering for enterprise solutions, Domain engineering"
}
@article{LEVIN201780,
title = "iGAS: A framework for using electronic intraoperative medical records for genomic discovery",
journal = "Journal of Biomedical Informatics",
volume = "67",
pages = "80 - 89",
year = "2017",
issn = "1532-0464",
doi = "https://doi.org/10.1016/j.jbi.2017.02.005",
url = "http://www.sciencedirect.com/science/article/pii/S1532046417300266",
author = "Matthew A. Levin and Thomas T. Joseph and Janina M. Jeff and Rajiv Nadukuru and Stephen B. Ellis and Erwin P. Bottinger and Eimear E. Kenny"
}
@article{NGUYEN201562,
title = "An extensive systematic review on the Model-Driven Development of secure systems",
journal = "Information and Software Technology",
volume = "68",
pages = "62 - 81",
year = "2015",
issn = "0950-5849",
doi = "https://doi.org/10.1016/j.infsof.2015.08.006",
url = "http://www.sciencedirect.com/science/article/pii/S0950584915001482",
author = "Phu H. Nguyen and Max Kramer and Jacques Klein and Yves Le Traon",
keywords = "Systematic review, Model-Driven Security, MDS, Model-Driven Engineering, MDE, Software security engineering"
}
@incollection{JOHNSON20087,
title = "1 - First Principles",
editor = "Jeff Johnson",
booktitle = "GUI Bloopers 2.0",
publisher = "Morgan Kaufmann",
address = "San Francisco",
pages = "7 - 50",
year = "2008",
series = "Interactive Technologies",
isbn = "978-0-12-370643-0",
doi = "https://doi.org/10.1016/B978-012370643-0.50003-2",
url = "http://www.sciencedirect.com/science/article/pii/B9780123706430500032",
author = "Jeff Johnson"
}
@article{GRIESKAMP200131,
title = "Specifying embedded systems with statecharts and Z: an agenda for cyclic software components",
journal = "Science of Computer Programming",
volume = "40",
number = "1",
pages = "31 - 57",
year = "2001",
issn = "0167-6423",
doi = "https://doi.org/10.1016/S0167-6423(00)00024-1",
url = "http://www.sciencedirect.com/science/article/pii/S0167642300000241",
author = "Wolfgang Grieskamp and Maritta Heisel and Heiko Dörr"
}
@incollection{FOSTER2005317,
title = "Chapter 8 - Windows Buffer Overflows",
editor = "James C. Foster and Vitaly Osipov and Nish Bhalla and Niels Heinen and Dave Aitel",
booktitle = "Buffer Overflow Attacks",
publisher = "Syngress",
address = "Burlington",
pages = "317 - 358",
year = "2005",
isbn = "978-1-932266-67-2",
doi = "https://doi.org/10.1016/B978-193226667-2/50048-7",
url = "http://www.sciencedirect.com/science/article/pii/B9781932266672500487",
author = "James C. Foster and Vitaly Osipov and Nish Bhalla and Niels Heinen and Dave Aitel"
}
@article{AARTS1992387,
title = "Knowledge-based Planning of Mashing Profiles",
journal = "IFAC Proceedings Volumes",
volume = "25",
number = "2",
pages = "387 - 390",
year = "1992",
note = "2nd IFAC Symposium on Modelling and Control of Biotechnical Processes 1992 and Computer Applications in Fermentation Technology (5th International Conference), Keystone, Colorado, 29 March-2 April",
issn = "1474-6670",
doi = "https://doi.org/10.1016/S1474-6670(17)50398-5",
url = "http://www.sciencedirect.com/science/article/pii/S1474667017503985",
author = "R.J. Aarts",
keywords = "brewing industry, knowledge engineering, planning, software development"
}
@article{METH20131695,
title = "The state of the art in automated requirements elicitation",
journal = "Information and Software Technology",
volume = "55",
number = "10",
pages = "1695 - 1709",
year = "2013",
issn = "0950-5849",
doi = "https://doi.org/10.1016/j.infsof.2013.03.008",
url = "http://www.sciencedirect.com/science/article/pii/S0950584913000827",
author = "Hendrik Meth and Manuel Brhel and Alexander Maedche",
keywords = "Requirements Engineering, Requirements Elicitation, Automation, Requirements Reuse, Systematic Review"
}
@article{CAREY1998449,
title = "Creating global software: A conspectus and review",
journal = "Interacting with Computers",
volume = "9",
number = "4",
pages = "449 - 465",
year = "1998",
note = "Shared Values and Shared Interfaces: The Role of Culture in the Globalisation of Human-Computer Systems",
issn = "0953-5438",
doi = "https://doi.org/10.1016/S0953-5438(97)00028-3",
url = "http://www.sciencedirect.com/science/article/pii/S0953543897000283",
author = "Jane M. Carey",
keywords = "Internationalization, Culture, Software, Global, Localization"
}
@article{TONINI2017176,
title = "Tangible geospatial modeling for collaborative solutions to invasive species management",
journal = "Environmental Modelling & Software",
volume = "92",
pages = "176 - 188",
year = "2017",
issn = "1364-8152",
doi = "https://doi.org/10.1016/j.envsoft.2017.02.020",
url = "http://www.sciencedirect.com/science/article/pii/S1364815217300488",
author = "Francesco Tonini and Douglas Shoemaker and Anna Petrasova and Brendan Harmon and Vaclav Petras and Richard C. Cobb and Helena Mitasova and Ross K. Meentemeyer",
keywords = "Stakeholder engagement, Participatory research, Geospatial modeling, Landscape epidemiology, Forest disease, Tangible user interface"
}
@article{SELAMAT1994531,
title = "Non-use phenomenon of CASE tools: Malaysian experience",
journal = "Information and Software Technology",
volume = "36",
number = "9",
pages = "531 - 537",
year = "1994",
issn = "0950-5849",
doi = "https://doi.org/10.1016/0950-5849(94)90098-1",
url = "http://www.sciencedirect.com/science/article/pii/0950584994900981",
author = "M.H. Selamat and C.Y. Choong and A.T. Othman and MM Rahim",
keywords = "computer-aided software engineering, CASE failure, non-use phenomenon"
}
@article{SEGUNDO2017301,
title = "Improvement of newborn screening using a fuzzy inference system",
journal = "Expert Systems with Applications",
volume = "78",
pages = "301 - 318",
year = "2017",
issn = "0957-4174",
doi = "https://doi.org/10.1016/j.eswa.2017.02.022",
url = "http://www.sciencedirect.com/science/article/pii/S0957417417301045",
author = "Unai Segundo and Luis Aldámiz-Echevarría and Javier López-Cuadrado and David Buenestado and Fernando Andrade and Tomás A. Pérez and Raúl Barrena and Eduardo G. Pérez-Yarza and Juan M. Pikatza",
keywords = "Decision support system, Fuzzy inference system, Inborn error of metabolism, Newborn screening"
}
@article{BISANI2008434,
title = "Joint-sequence models for grapheme-to-phoneme conversion",
journal = "Speech Communication",
volume = "50",
number = "5",
pages = "434 - 451",
year = "2008",
issn = "0167-6393",
doi = "https://doi.org/10.1016/j.specom.2008.01.002",
url = "http://www.sciencedirect.com/science/article/pii/S0167639308000046",
author = "Maximilian Bisani and Hermann Ney",
keywords = "Grapheme-to-phoneme, Letter-to-sound, Phonemic transcription, Joint-sequence model, Pronunciation modeling"
}
@article{PANDA2017120,
title = "Numerical simulations of liquid-liquid flow in a continuous gravity settler using OpenFOAM and experimental verification",
journal = "Chemical Engineering Journal",
volume = "310",
pages = "120 - 133",
year = "2017",
issn = "1385-8947",
doi = "https://doi.org/10.1016/j.cej.2016.10.102",
url = "http://www.sciencedirect.com/science/article/pii/S1385894716315121",
author = "Saroj K. Panda and K.K. Singh and K.T. Shenoy and Vivek V. Buwa",
keywords = "Euler-Euler simulation, Gravity settler, Dispersion, Liquid-liquid flow, OpenFOAM, Computational fluid dynamics"
}
@article{HINUMA2017140,
title = "Band structure diagram paths based on crystallography",
journal = "Computational Materials Science",
volume = "128",
pages = "140 - 184",
year = "2017",
issn = "0927-0256",
doi = "https://doi.org/10.1016/j.commatsci.2016.10.015",
url = "http://www.sciencedirect.com/science/article/pii/S0927025616305110",
author = "Yoyo Hinuma and Giovanni Pizzi and Yu Kumagai and Fumiyasu Oba and Isao Tanaka",
keywords = "Electronic band structure diagram, Band path, AiiDA high-throughput infrastructure, Crystal symmetry, High-throughput calculations"
}
@article{MILES2010752,
title = "OpenFlyData: An exemplar data web integrating gene expression data on the fruit fly Drosophila melanogaster",
journal = "Journal of Biomedical Informatics",
volume = "43",
number = "5",
pages = "752 - 761",
year = "2010",
issn = "1532-0464",
doi = "https://doi.org/10.1016/j.jbi.2010.04.004",
url = "http://www.sciencedirect.com/science/article/pii/S1532046410000511",
author = "Alistair Miles and Jun Zhao and Graham Klyne and Helen White-Cooper and David Shotton",
keywords = "Chado, Data integration, Data web, , Gene expression, Performance, RDF, SPARQL, Triple store, User interface"
}
@article{STAKNIS199026,
title = "Software quality assurance through prototyping and automated testing",
journal = "Information and Software Technology",
volume = "32",
number = "1",
pages = "26 - 33",
year = "1990",
note = "Special Issue on Software Quality Assurance",
issn = "0950-5849",
doi = "https://doi.org/10.1016/0950-5849(90)90043-Q",
url = "http://www.sciencedirect.com/science/article/pii/095058499090043Q",
author = "ME Staknis",
keywords = "software quality assurance, software testing, prototyping, automated testing"
}
@article{SAMARANAYAKE2012233,
title = "Employee perception towards electronic monitoring at work place and its impact on job satisfaction of software professionals in Sri Lanka",
journal = "Telematics and Informatics",
volume = "29",
number = "2",
pages = "233 - 244",
year = "2012",
issn = "0736-5853",
doi = "https://doi.org/10.1016/j.tele.2011.08.003",
url = "http://www.sciencedirect.com/science/article/pii/S0736585311000633",
author = "Viraj Samaranayake and Chandana Gamage",
keywords = "Electronic monitoring, Software professionals, Relevance to work, Personal Judgment of Effectiveness, Invasion of privacy, Task satisfaction"
}
@article{GAMBOARODRIGUEZ2001527,
title = "A student centered methodology for the development of a physics video based laboratory",
journal = "Interacting with Computers",
volume = "13",
number = "5",
pages = "527 - 548",
year = "2001",
issn = "0953-5438",
doi = "https://doi.org/10.1016/S0953-5438(01)00031-5",
url = "http://www.sciencedirect.com/science/article/pii/S0953543801000315",
author = "F. Gamboa Rodrı́guez and J.L. Pérez Silva and F. Lara Rosano and F. Caviedes Contreras and A.I. Miranda Vitela",
keywords = "Student centered development methodologies, Educational software design, Human–computer interaction"
}
@article{DUSINK1996137,
title = "Controlling functional fixedness: the essence of successful reuse",
journal = "Knowledge-Based Systems",
volume = "9",
number = "2",
pages = "137 - 143",
year = "1996",
note = "Models and techniques for reuse of designs",
issn = "0950-7051",
doi = "https://doi.org/10.1016/0950-7051(95)01025-4",
url = "http://www.sciencedirect.com/science/article/pii/0950705195010254",
author = "Liesbeth Dusink and Larry Latour",
keywords = "Reusability, Functional fixedness"
}
@article{NAKAMURA2004605,
title = "On detecting feature interactions in the programmable service environment of Internet telephony",
journal = "Computer Networks",
volume = "45",
number = "5",
pages = "605 - 624",
year = "2004",
note = "Directions in Feature Interaction Research",
issn = "1389-1286",
doi = "https://doi.org/10.1016/j.comnet.2004.03.003",
url = "http://www.sciencedirect.com/science/article/pii/S1389128604000441",
author = "Masahide Nakamura and Pattara Leelaprute and Ken-ichi Matsumoto and Tohru Kikuno",
keywords = "Internet telephony, VoIP, Call processing language, Semantic warnings, Feature interactions, XML, VOCAL"
}
@article{KHOMH2011559,
title = "BDTEX: A GQM-based Bayesian approach for the detection of antipatterns",
journal = "Journal of Systems and Software",
volume = "84",
number = "4",
pages = "559 - 572",
year = "2011",
note = "The Ninth International Conference on Quality Software",
issn = "0164-1212",
doi = "https://doi.org/10.1016/j.jss.2010.11.921",
url = "http://www.sciencedirect.com/science/article/pii/S0164121210003225",
author = "Foutse Khomh and Stephane Vaucher and Yann-Gaël Guéhéneuc and Houari Sahraoui",
keywords = "Code smells, Antipatterns, Detection"
}
@incollection{HARRINGTON2009181,
title = "Chapter 10 - Using CASE Tools for Database Design",
editor = "Jan L. Harrington",
booktitle = "Relational Database Design (Third Edition)",
publisher = "Morgan Kaufmann",
edition = "Third Edition",
address = "Boston",
pages = "181 - 196",
year = "2009",
isbn = "978-0-12-374730-3",
doi = "https://doi.org/10.1016/B978-0-12-374730-3.00012-7",
url = "http://www.sciencedirect.com/science/article/pii/B9780123747303000127",
author = "Jan L. Harrington"
}
@article{MUNRO2012272,
title = "Surgical Simulation: Where Have We Come From? Where Are We Now? Where Are We Going?",
journal = "Journal of Minimally Invasive Gynecology",
volume = "19",
number = "3",
pages = "272 - 283",
year = "2012",
issn = "1553-4650",
doi = "https://doi.org/10.1016/j.jmig.2012.01.012",
url = "http://www.sciencedirect.com/science/article/pii/S1553465012000131",
author = "Malcolm G. Munro",
keywords = "Surgical simulation, Laparoscopic simulation, Hysteroscopic simulation, Laparoscopic education, Hysteroscopic education, Laparoscopic training, Hysteroscopic training, Virtual reality"
}
@article{ENGLAND20171134,
title = "Automated microbeam observation environment for biological analysis—Custom portable environmental control applied to a vertical microbeam system",
journal = "Sensors and Actuators B: Chemical",
volume = "239",
pages = "1134 - 1143",
year = "2017",
issn = "0925-4005",
doi = "https://doi.org/10.1016/j.snb.2016.08.076",
url = "http://www.sciencedirect.com/science/article/pii/S0925400516313065",
author = "Matthew J. England and Alan W. Bigelow and Michael J. Merchant and Eirini Velliou and David Welch and David J. Brenner and Karen J. Kirkby",
keywords = "Microbeam, Time-lapse microscopy, Environmental control, Arduino, 3D printing"
}
@article{GASHI2009497,
title = "Uncertainty explicit assessment of off-the-shelf software: A Bayesian approach",
journal = "Information and Software Technology",
volume = "51",
number = "2",
pages = "497 - 511",
year = "2009",
issn = "0950-5849",
doi = "https://doi.org/10.1016/j.infsof.2008.06.003",
url = "http://www.sciencedirect.com/science/article/pii/S095058490800092X",
author = "Ilir Gashi and Peter Popov and Vladimir Stankovic",
keywords = "COTS component assessment, Reliability and performance assessment, Bayesian inference"
}
@article{SALASZARATE20151,
title = "Analyzing best practices on Web development frameworks: The lift approach",
journal = "Science of Computer Programming",
volume = "102",
pages = "1 - 19",
year = "2015",
issn = "0167-6423",
doi = "https://doi.org/10.1016/j.scico.2014.12.004",
url = "http://www.sciencedirect.com/science/article/pii/S0167642314005735",
author = "María del Pilar Salas-Zárate and Giner Alor-Hernández and Rafael Valencia-García and Lisbeth Rodríguez-Mazahua and Alejandro Rodríguez-González and José Luis López Cuadrado",
keywords = "Best practices, Lift, Scala, Web frameworks"
}
@article{JIMENEZVALVERDE2009314,
title = "Cooperación on line en entornos virtuales en la enseñanza de la química",
journal = "Educación Química",
volume = "20",
number = "3",
pages = "314 - 319",
year = "2009",
issn = "0187-893X",
doi = "https://doi.org/10.1016/S0187-893X(18)30031-4",
url = "http://www.sciencedirect.com/science/article/pii/S0187893X18300314",
author = "Gregorio Jiménez-Valverde and Eva Núñez-Cruz",
keywords = "cooperation, ICT, Internet, telematic environments, hypermedia"
}
@article{CUMMINGS2006430,
title = "Coding with power: Toward a rhetoric of computer coding and composition",
journal = "Computers and Composition",
volume = "23",
number = "4",
pages = "430 - 443",
year = "2006",
issn = "8755-4615",
doi = "https://doi.org/10.1016/j.compcom.2006.08.002",
url = "http://www.sciencedirect.com/science/article/pii/S8755461506000557",
author = "Robert E. Cummings",
keywords = "Coding, Composition, Open source, Rhetorical triangle, Audience, Teaching, XML"
}
@article{FOJTIK20111464,
title = "Extreme Programming in development of specific software",
journal = "Procedia Computer Science",
volume = "3",
pages = "1464 - 1468",
year = "2011",
note = "World Conference on Information Technology",
issn = "1877-0509",
doi = "https://doi.org/10.1016/j.procs.2011.01.032",
url = "http://www.sciencedirect.com/science/article/pii/S1877050911000330",
author = "Rostislav Fojtik",
keywords = "Agile methodology, Autism, Down syndrome, Extreme Programming, Mental retardation, VOKS, Testing, Unit test"
}
@article{VERBAETEN2000151,
title = "Compositionality of normal open logic programs",
journal = "The Journal of Logic Programming",
volume = "42",
number = "3",
pages = "151 - 183",
year = "2000",
issn = "0743-1066",
doi = "https://doi.org/10.1016/S0743-1066(99)00003-5",
url = "http://www.sciencedirect.com/science/article/pii/S0743106699000035",
author = "Sofie Verbaeten and Marc Denecker and Danny de Schreye",
keywords = "Open logic programs, Negation, Compositionality"
}
@article{KOLOSZAR2017256,
title = "MyrrhaFoam: A CFD model for the study of the thermal hydraulic behavior of MYRRHA",
journal = "Nuclear Engineering and Design",
volume = "312",
pages = "256 - 265",
year = "2017",
note = "16th International Topical Meeting on Nuclear Reactor Thermal Hydraulics",
issn = "0029-5493",
doi = "https://doi.org/10.1016/j.nucengdes.2016.05.008",
url = "http://www.sciencedirect.com/science/article/pii/S0029549316301042",
author = "Lilla Koloszar and Sophia Buckingham and Philippe Planquart and Steven Keijers"
}
@article{GARLA2012992,
title = "Ontology-guided feature engineering for clinical text classification",
journal = "Journal of Biomedical Informatics",
volume = "45",
number = "5",
pages = "992 - 998",
year = "2012",
note = "Text Mining and Natural Language Processing in Pharmacogenomics",
issn = "1532-0464",
doi = "https://doi.org/10.1016/j.jbi.2012.04.010",
url = "http://www.sciencedirect.com/science/article/pii/S1532046412000639",
author = "Vijay N. Garla and Cynthia Brandt",
keywords = "Natural language processing, Semantic similarity, Feature selection, Kernel methods, Information gain, Information content"
}
@article{KRAUSE1994189,
title = "Formal specification and decision support",
journal = "Decision Support Systems",
volume = "12",
number = "3",
pages = "189 - 197",
year = "1994",
issn = "0167-9236",
doi = "https://doi.org/10.1016/0167-9236(94)90003-5",
url = "http://www.sciencedirect.com/science/article/pii/0167923694900035",
author = "Paul J. Krause and Patrick J. Byers and Saki Hajnal",
keywords = "DSS development, Formal specification, Software engineering, KBS validation"
}
@incollection{RITTINGHOUSE2004229,
title = "12 - Putting It All Together",
editor = "John W. Rittinghouse",
booktitle = "Managing Software Deliverables",
publisher = "Digital Press",
address = "Burlington",
pages = "229 - 237",
year = "2004",
isbn = "978-1-55558-313-2",
doi = "https://doi.org/10.1016/B978-155558313-2/50015-7",
url = "http://www.sciencedirect.com/science/article/pii/B9781555583132500157",
author = "John W. Rittinghouse"
}
@article{BRUNO201042,
title = "From 3D reconstruction to virtual reality: A complete methodology for digital archaeological exhibition",
journal = "Journal of Cultural Heritage",
volume = "11",
number = "1",
pages = "42 - 49",
year = "2010",
issn = "1296-2074",
doi = "https://doi.org/10.1016/j.culher.2009.02.006",
url = "http://www.sciencedirect.com/science/article/pii/S1296207409000958",
author = "Fabio Bruno and Stefano Bruno and Giovanna De Sensi and Maria-Laura Luchi and Stefania Mancuso and Maurizio Muzzupappa",
keywords = "MNEME, Stereoscopic vision, 3D scanner, Laser scanner, Archaeological finds, Virtual reality, Virtual museum, 3D acquisition, Virtual archaeology"
}
@article{PLAZARODRIGUEZ201581,
title = "A strategy to establish Food Safety Model Repositories",
journal = "International Journal of Food Microbiology",
volume = "204",
pages = "81 - 90",
year = "2015",
issn = "0168-1605",
doi = "https://doi.org/10.1016/j.ijfoodmicro.2015.03.010",
url = "http://www.sciencedirect.com/science/article/pii/S016816051500149X",
author = "C. Plaza-Rodríguez and C. Thoens and A. Falenski and A.A. Weiser and B. Appel and A. Kaesbohrer and M. Filter",
keywords = ", SBML, PMF-ML, Model database, Predictive microbiology, Food safety modelling"
}
@article{SOLIMAN2013109,
title = "On Formal Verification of Function Block Applications in Safety-related Software Development",
journal = "IFAC Proceedings Volumes",
volume = "46",
number = "22",
pages = "109 - 114",
year = "2013",
note = "4th IFAC Workshop on Dependable Control of Discrete Systems",
issn = "1474-6670",
doi = "https://doi.org/10.3182/20130904-3-UK-4041.00015",
url = "http://www.sciencedirect.com/science/article/pii/S1474667015339963",
author = "Doaa Soliman and Georg Frey and Kleanthis Thramboulidis",
keywords = "Safety Related System, Verification and validation, PLCopen, IEC 61508, IEC 61131-3, Model Checking, Test Case Generation."
}
@article{KUBISZEWSKI20101344,
title = "The production and allocation of information as a good that is enhanced with increased use",
journal = "Ecological Economics",
volume = "69",
number = "6",
pages = "1344 - 1354",
year = "2010",
note = "Special Section - Payments for Environmental Services: Reconciling Theory and Practice",
issn = "0921-8009",
doi = "https://doi.org/10.1016/j.ecolecon.2010.02.002",
url = "http://www.sciencedirect.com/science/article/pii/S092180091000039X",
author = "Ida Kubiszewski and Joshua Farley and Robert Costanza",
keywords = "Information, Knowledge, Anti-rival, Patents, Copyrights, Market failure, Allocation, Intellectual property rights"
}
@article{POHTHONG2001561,
title = "Reuse strategies in software development: an empirical study",
journal = "Information and Software Technology",
volume = "43",
number = "9",
pages = "561 - 575",
year = "2001",
issn = "0950-5849",
doi = "https://doi.org/10.1016/S0950-5849(01)00166-5",
url = "http://www.sciencedirect.com/science/article/pii/S0950584901001665",
author = "Amnart Pohthong and David Budgen",
keywords = "Components, Empirical study, Reuse"
}
@article{DILLON1994157,
title = "Solution of power system problems through the use of the object-oriented paradigm",
journal = "International Journal of Electrical Power & Energy Systems",
volume = "16",
number = "3",
pages = "157 - 165",
year = "1994",
note = "Special Issue 11th Power Systems Computation Conference",
issn = "0142-0615",
doi = "https://doi.org/10.1016/0142-0615(94)90005-1",
url = "http://www.sciencedirect.com/science/article/pii/0142061594900051",
author = "T.S. Dillon and E. Chang",
keywords = "software engineering, databases, knowledge-based systems, object-oriented systems"
}
@article{SMIRNOV2015182,
title = "FIRE5: A C++ implementation of Feynman Integral REduction",
journal = "Computer Physics Communications",
volume = "189",
pages = "182 - 191",
year = "2015",
issn = "0010-4655",
doi = "https://doi.org/10.1016/j.cpc.2014.11.024",
url = "http://www.sciencedirect.com/science/article/pii/S0010465514004123",
author = "A.V. Smirnov",
keywords = "Feynman diagrams, Multiloop Feynman integrals, Dimensional regularization, Computer algebra"
}
@incollection{VOINOV2008345,
title = "Chapter Twelve Building a Community Modelling and Information Sharing Culture",
editor = "A.J. Jakeman and A.A. Voinov and A.E. Rizzoli and S.H. Chen",
series = "Developments in Integrated Environmental Assessment",
publisher = "Elsevier",
volume = "3",
pages = "345 - 366",
year = "2008",
booktitle = "Environmental Modelling, Software and Decision Support",
issn = "1574-101X",
doi = "https://doi.org/10.1016/S1574-101X(08)00620-0",
url = "http://www.sciencedirect.com/science/article/pii/S1574101X08006200",
author = "A. Voinov and R.R. Hood and J.D. Daues and H. Assaf and R. Stewart",
keywords = "knowledge sharing, open source software, collaborative research, community modelling"
}
@article{ZHUGE2003419,
title = "Workflow- and agent-based cognitive flow management for distributed team Cooperation",
journal = "Information & Management",
volume = "40",
number = "5",
pages = "419 - 429",
year = "2003",
issn = "0378-7206",
doi = "https://doi.org/10.1016/S0378-7206(02)00061-7",
url = "http://www.sciencedirect.com/science/article/pii/S0378720602000617",
author = "Hai Zhuge",
keywords = "Agent, Cognition, Cooperation, Knowledge management, Teamwork, Workflow"
}
@article{PFAHL2004127,
title = "Evaluating the learning effectiveness of using simulations in software project management education: results from a twice replicated experiment",
journal = "Information and Software Technology",
volume = "46",
number = "2",
pages = "127 - 147",
year = "2004",
issn = "0950-5849",
doi = "https://doi.org/10.1016/S0950-5849(03)00115-0",
url = "http://www.sciencedirect.com/science/article/pii/S0950584903001150",
author = "Dietmar Pfahl and Oliver Laitenberger and Günther Ruhe and Jörg Dorsch and Tatyana Krivobokova",
keywords = "COCOMO, Learning effectiveness, Replicated experiment, Software project management education, System dynamics simulation"
}
@article{DELUGACH1992207,
title = "Specifying multiple-viewed software requirements with conceptual graphs",
journal = "Journal of Systems and Software",
volume = "19",
number = "3",
pages = "207 - 224",
year = "1992",
issn = "0164-1212",
doi = "https://doi.org/10.1016/0164-1212(92)90052-L",
url = "http://www.sciencedirect.com/science/article/pii/016412129290052L",
author = "Harry S Delugach"
}
@incollection{HYMAN198451,
title = "FUTURE DIRECTIONS IN LARGE SCALE SCIENTIFIC COMPUTING",
editor = "SEYMOUR V. PARTER",
booktitle = "Large Scale Scientific Computation",
publisher = "Academic Press",
pages = "51 - 83",
year = "1984",
isbn = "978-0-12-546080-4",
doi = "https://doi.org/10.1016/B978-0-12-546080-4.50007-8",
url = "http://www.sciencedirect.com/science/article/pii/B9780125460804500078",
author = "James M. Hyman"
}
@article{HADAR20131407,
title = "When intuition and logic clash: The case of the object-oriented paradigm",
journal = "Science of Computer Programming",
volume = "78",
number = "9",
pages = "1407 - 1426",
year = "2013",
issn = "0167-6423",
doi = "https://doi.org/10.1016/j.scico.2012.10.006",
url = "http://www.sciencedirect.com/science/article/pii/S0167642312001918",
author = "Irit Hadar",
keywords = "Object-oriented analysis and design, Cognitive processes, Intuition, Qualitative research"
}
@article{BIBLE2017195,
title = "The effects of shared information on semantic calculations in the gene ontology",
journal = "Computational and Structural Biotechnology Journal",
volume = "15",
pages = "195 - 211",
year = "2017",
issn = "2001-0370",
doi = "https://doi.org/10.1016/j.csbj.2017.01.009",
url = "http://www.sciencedirect.com/science/article/pii/S2001037016300861",
author = "Paul W. Bible and Hong-Wei Sun and Maria I. Morasso and Rasiah Loganantharaj and Lai Wei",
keywords = "Semantic similarity, Gene ontology, Function prediction, Machine learning, Protein–protein interaction, Gene expression"
}
@article{JAHNKE20043,
title = "Cognitive support in software reengineering based on generic fuzzy reasoning nets",
journal = "Fuzzy Sets and Systems",
volume = "145",
number = "1",
pages = "3 - 27",
year = "2004",
note = "Computational Intelligence in Software Engineering",
issn = "0165-0114",
doi = "https://doi.org/10.1016/j.fss.2003.10.003",
url = "http://www.sciencedirect.com/science/article/pii/S0165011403004354",
author = "Jens H. Jahnke",
keywords = "Computational intelligence, Software reverse engineering, Reengineering, Imperfect knowledge, Soft computing, Generic fuzzy reasoning nets"
}
@article{ZOUROS2018339,
title = "CCOMP: An efficient algorithm for complex roots computation of determinantal equations",
journal = "Computer Physics Communications",
volume = "222",
pages = "339 - 350",
year = "2018",
issn = "0010-4655",
doi = "https://doi.org/10.1016/j.cpc.2017.09.023",
url = "http://www.sciencedirect.com/science/article/pii/S0010465517303302",
author = "Grigorios P. Zouros",
keywords = "Bound constrained minimization, Complex roots, Determinantal equations, Eigenvalue estimation, Python"
}
@article{HURTADO20131153,
title = "MDE software process lines in small companies",
journal = "Journal of Systems and Software",
volume = "86",
number = "5",
pages = "1153 - 1171",
year = "2013",
issn = "0164-1212",
doi = "https://doi.org/10.1016/j.jss.2012.09.033",
url = "http://www.sciencedirect.com/science/article/pii/S0164121212002749",
author = "Julio Ariel Hurtado and María Cecilia Bastarrica and Sergio F. Ochoa and Jocelyn Simmonds",
keywords = "Software process lines, Model-driven engineering, Process asset reuse"
}
@incollection{FAIRCLOTH2011371,
title = "Chapter 10 - Building penetration test labs",
editor = "Jeremy Faircloth",
booktitle = "Penetration Tester's Open Source Toolkit (Third Edition)",
publisher = "Syngress",
edition = "Third Edition",
address = "Boston",
pages = "371 - 401",
year = "2011",
isbn = "978-1-59749-627-8",
doi = "https://doi.org/10.1016/B978-1-59749-627-8.10010-8",
url = "http://www.sciencedirect.com/science/article/pii/B9781597496278100108",
author = "Jeremy Faircloth"
}
@article{CLAYSON201757,
title = "Psychometric considerations in the measurement of event-related brain potentials: Guidelines for measurement and reporting",
journal = "International Journal of Psychophysiology",
volume = "111",
pages = "57 - 67",
year = "2017",
note = "Rigor and Replication: Towards Improved Best Practices in Psychophysiological Research",
issn = "0167-8760",
doi = "https://doi.org/10.1016/j.ijpsycho.2016.09.005",
url = "http://www.sciencedirect.com/science/article/pii/S0167876016306973",
author = "Peter E. Clayson and Gregory A. Miller",
keywords = "Event-related potentials, Psychometrics, Guidelines, Dependability, ERP reliability analysis toolbox"
}
@incollection{AMARAVADI1995181,
title = "The Adequacy of Office Models",
editor = "Marshall C. Yovits and Marvin Zelkowitz",
series = "Advances in Computers",
publisher = "Elsevier",
volume = "40",
pages = "181 - 253",
year = "1995",
issn = "0065-2458",
doi = "https://doi.org/10.1016/S0065-2458(08)60547-1",
url = "http://www.sciencedirect.com/science/article/pii/S0065245808605471",
author = "Chandra S. Amaravadi and Joey F. George and Olivia R. Liu Sheng and Jay F. Nunamaker"
}
@article{LANGMAACK20055,
title = "What Level of Mathematical Reasoning can Computer Science Demand of a Software Implementer?: Auf Deutsch: Welche Art mathematischer Argumentation darf die Informatikwissenschaft einem Softwareimplementierer auf jeden Fall zumuten?",
journal = "Electronic Notes in Theoretical Computer Science",
volume = "141",
number = "2",
pages = "5 - 32",
year = "2005",
note = "Proceedings of the Fourth International Workshop on Compiler Optimization meets Compiler Verification (COCV 2005)",
issn = "1571-0661",
doi = "https://doi.org/10.1016/j.entcs.2005.05.007",
url = "http://www.sciencedirect.com/science/article/pii/S157106610505156X",
author = "Hans Langmaack",
keywords = "Compiler, specification, implementation, correctness, code inspection, term-rewriting, algebraic reasoning"
}
@article{FELSENBERG1995179,
title = "Recent developments in DXA. Quality of new DXA/MXA-devices for densitometry and morphometry",
journal = "European Journal of Radiology",
volume = "20",
number = "3",
pages = "179 - 184",
year = "1995",
issn = "0720-048X",
doi = "https://doi.org/10.1016/0720-048X(95)00682-G",
url = "http://www.sciencedirect.com/science/article/pii/0720048X9500682G",
author = "D. Felsenberg and W. Gowin and E. Diessel and S. Armbrust and J. Mews",
keywords = "Dual X-ray Absorptiometry, Morphometry X-ray Absorptiometry, Osteoporosis, Osteoporosis"
}
@article{MOURAD2009341,
title = "New aspect-oriented constructs for security hardening concerns",
journal = "Computers & Security",
volume = "28",
number = "6",
pages = "341 - 358",
year = "2009",
issn = "0167-4048",
doi = "https://doi.org/10.1016/j.cose.2009.02.003",
url = "http://www.sciencedirect.com/science/article/pii/S016740480900011X",
author = "Azzam Mourad and Andrei Soeanu and Marc-André Laverdière and Mourad Debbabi",
keywords = "Software security, Security hardening, Aspect-oriented programming, Security/software engineering, Control-flow graph, Dominators"
}
@article{DUNLOP1986251,
title = "Hardware system for realtime signal processing software development",
journal = "Microprocessors and Microsystems",
volume = "10",
number = "5",
pages = "251 - 257",
year = "1986",
issn = "0141-9331",
doi = "https://doi.org/10.1016/0141-9331(86)90117-1",
url = "http://www.sciencedirect.com/science/article/pii/0141933186901171",
author = "John Dunlop and Manal Al-Kindi",
keywords = "microprocessors, signal processing, software development"
}
@incollection{WACK200097,
title = "Generic object-oriented modelling, simulation and optimization of dynamical systems",
editor = "Sauro Pierucci",
series = "Computer Aided Chemical Engineering",
publisher = "Elsevier",
volume = "8",
pages = "97 - 101",
year = "2000",
booktitle = "European Symposium on Computer Aided Process Engineering-10",
issn = "1570-7946",
doi = "https://doi.org/10.1016/S1570-7946(00)80018-8",
url = "http://www.sciencedirect.com/science/article/pii/S1570794600800188",
author = "T. Wack and G. Deerberg and S. Schlüter"
}
@article{TAYYEBI2016108,
title = "SmartScape™: A web-based decision support system for assessing the tradeoffs among multiple ecosystem services under crop-change scenarios",
journal = "Computers and Electronics in Agriculture",
volume = "121",
pages = "108 - 121",
year = "2016",
issn = "0168-1699",
doi = "https://doi.org/10.1016/j.compag.2015.12.003",
url = "http://www.sciencedirect.com/science/article/pii/S0168169915003853",
author = "Amin Tayyebi and Timothy D. Meehan and Jeffrey Dischler and Gary Radloff and Michael Ferris and Claudio Gratton",
keywords = "SmartScape™, Web-based GIS, Crop change policy, Ecosystem services, Scenario analysis, Policymakers"
}
@article{TWALLANT2016124,
title = "Automatic artifacts and arousals detection in whole-night sleep EEG recordings",
journal = "Journal of Neuroscience Methods",
volume = "258",
pages = "124 - 133",
year = "2016",
issn = "0165-0270",
doi = "https://doi.org/10.1016/j.jneumeth.2015.11.005",
url = "http://www.sciencedirect.com/science/article/pii/S0165027015003994",
author = "Dorothée Coppieters ’t Wallant and Vincenzo Muto and Giulia Gaggioni and Mathieu Jaspar and Sarah L. Chellappa and Christelle Meyer and Gilles Vandewalle and Pierre Maquet and Christophe Phillips",
keywords = "Artifact, Arousal, Sleep, Electroencephalography, Automatic, Adapted threshold, Raw data"
}
@article{MELLADO2007244,
title = "A common criteria based security requirements engineering process for the development of secure information systems",
journal = "Computer Standards & Interfaces",
volume = "29",
number = "2",
pages = "244 - 253",
year = "2007",
issn = "0920-5489",
doi = "https://doi.org/10.1016/j.csi.2006.04.002",
url = "http://www.sciencedirect.com/science/article/pii/S0920548906000511",
author = "Daniel Mellado and Eduardo Fernández-Medina and Mario Piattini",
keywords = "Common Criteria,  15408,  17799, Security requirement, Security requirements engineering"
}
@article{GOODMAN2003197,
title = "Plans for HDBase—a research community website for Huntington's Disease",
journal = "Clinical Neuroscience Research",
volume = "3",
number = "3",
pages = "197 - 217",
year = "2003",
issn = "1566-2772",
doi = "https://doi.org/10.1016/S1566-2772(03)00062-8",
url = "http://www.sciencedirect.com/science/article/pii/S1566277203000628",
author = "Nathan Goodman and Kim McCormick and Dan Goldowitz and Emma Hockly and Carl Johnson and Bruce Kristal and Marcy MacDonald and Ray Truant and Minka van Beuzekom",
keywords = "Huntington's disease, Neurodegeneration, Database, Bioinformatics, Orthology, Gene expression, Drug screening, Mouse models"
}
@article{GARCIA2013542,
title = "A new algorithm for wavelet-based heart rate variability analysis",
journal = "Biomedical Signal Processing and Control",
volume = "8",
number = "6",
pages = "542 - 550",
year = "2013",
issn = "1746-8094",
doi = "https://doi.org/10.1016/j.bspc.2013.05.006",
url = "http://www.sciencedirect.com/science/article/pii/S1746809413000803",
author = "Constantino A. García and Abraham Otero and Xosé Vila and David G. Márquez",
keywords = "Heart rate variability, Wavelet transform, Wavelet packets, RHRV"
}
@article{HWANG2003199,
title = "Progress of R&D on total system performance assessment of a potential high level radioactive waste repository in Korea",
journal = "Progress in Nuclear Energy",
volume = "42",
number = "2",
pages = "199 - 220",
year = "2003",
issn = "0149-1970",
doi = "https://doi.org/10.1016/S0149-1970(03)80009-4",
url = "http://www.sciencedirect.com/science/article/pii/S0149197003800094",
author = "Y.S. Hwang and C.H. Kang and S.G. Kim and Y.M. Lee and K.W. Han",
keywords = "HLW Disposal, Total System Performance Assessment, FEP, Scenario, QA"
}
@article{MACRANDAL1988249,
title = "Some trends in computing: The implications for simulation",
journal = "Energy and Buildings",
volume = "10",
number = "3",
pages = "249 - 258",
year = "1988",
issn = "0378-7788",
doi = "https://doi.org/10.1016/0378-7788(88)90010-2",
url = "http://www.sciencedirect.com/science/article/pii/0378778888900102",
author = "Damian MacRandal"
}
@article{WANG2012398,
title = "Enhancing group awareness on the web: Prototype and experiments of sharing web page visitation information among teammates",
journal = "Interacting with Computers",
volume = "24",
number = "5",
pages = "398 - 408",
year = "2012",
issn = "0953-5438",
doi = "https://doi.org/10.1016/j.intcom.2012.05.006",
url = "http://www.sciencedirect.com/science/article/pii/S0953543812000641",
author = "Qing Wang and Ya Li and Gaoqiang Zheng and Huiyou Chang",
keywords = "Group awareness, Group collaboration, Browsing history, Web page visitation, Information sharing"
}
@article{SCHROTT1994163,
title = "A Distributed Task-Oriented Real-Time Programming System",
journal = "IFAC Proceedings Volumes",
volume = "27",
number = "6",
pages = "163 - 166",
year = "1994",
note = "19th IFAC/IFIP Workshop on Real Time Programming, Isle of Reichenau, Germany, 22-24 June",
issn = "1474-6670",
doi = "https://doi.org/10.1016/S1474-6670(17)45984-2",
url = "http://www.sciencedirect.com/science/article/pii/S1474667017459842",
author = "G. Schrott",
keywords = "Real-time operating system, real-time language, distributed computing, object-oriented programming, computer aided software engineering"
}
@article{DIAZMONTANA201771,
title = "GFD-Net: A novel semantic similarity methodology for the analysis of gene networks",
journal = "Journal of Biomedical Informatics",
volume = "68",
pages = "71 - 82",
year = "2017",
issn = "1532-0464",
doi = "https://doi.org/10.1016/j.jbi.2017.02.013",
url = "http://www.sciencedirect.com/science/article/pii/S1532046417300382",
author = "Juan J. Díaz-Montaña and Norberto Díaz-Díaz and Francisco Gómez-Vela",
keywords = "Gene network validation, Gene network analysis, Gene network, Semantic similarity, Gene Ontology"
}
@article{BASTIDE1999481,
title = "A Visual and Formal Glue between Application and Interaction",
journal = "Journal of Visual Languages & Computing",
volume = "10",
number = "5",
pages = "481 - 507",
year = "1999",
issn = "1045-926X",
doi = "https://doi.org/10.1006/jvlc.1999.0127",
url = "http://www.sciencedirect.com/science/article/pii/S1045926X99901271",
author = "R. BASTIDE and P. PALANQUE"
}
@article{CONEJERO2012212,
title = "On the relationship of concern metrics and requirements maintainability",
journal = "Information and Software Technology",
volume = "54",
number = "2",
pages = "212 - 238",
year = "2012",
issn = "0950-5849",
doi = "https://doi.org/10.1016/j.infsof.2011.09.003",
url = "http://www.sciencedirect.com/science/article/pii/S0950584911001923",
author = "José M. Conejero and Eduardo Figueiredo and Alessandro Garcia and Juan Hernández and Elena Jurado",
keywords = "Requirements engineering, Product lines, Crosscutting, Concern metrics, Maintainability, Stability"
}
@article{REINHARTZBERGER2013320,
title = "Comparing functionality of software systems: An ontological approach",
journal = "Data & Knowledge Engineering",
volume = "87",
pages = "320 - 338",
year = "2013",
issn = "0169-023X",
doi = "https://doi.org/10.1016/j.datak.2012.09.005",
url = "http://www.sciencedirect.com/science/article/pii/S0169023X12001073",
author = "Iris Reinhartz-Berger and Arnon Sturm and Yair Wand",
keywords = "Software comparison, Variability management, Ontologies, Requirements engineering, Development effort estimation, Function point analysis"
}
@article{ERGIN2016106,
title = "Design pattern oriented development of model transformations",
journal = "Computer Languages, Systems & Structures",
volume = "46",
pages = "106 - 139",
year = "2016",
issn = "1477-8424",
doi = "https://doi.org/10.1016/j.cl.2016.07.004",
url = "http://www.sciencedirect.com/science/article/pii/S1477842416300148",
author = "Huseyin Ergin and Eugene Syriani and Jeff Gray",
keywords = "Design patterns, Model transformation, Model-driven engineering, Development process, DelTa"
}
@article{ALAGEEL20152003,
title = "Human Factors in the Design and Evaluation of Bioinformatics Tools",
journal = "Procedia Manufacturing",
volume = "3",
pages = "2003 - 2010",
year = "2015",
note = "6th International Conference on Applied Human Factors and Ergonomics (AHFE 2015) and the Affiliated Conferences, AHFE 2015",
issn = "2351-9789",
doi = "https://doi.org/10.1016/j.promfg.2015.07.247",
url = "http://www.sciencedirect.com/science/article/pii/S2351978915002486",
author = "Naelah Al-Ageel and Areej Al-Wabil and Ghada Badr and Noura AlOmar",
keywords = "Bioinformatics tools, Human factors, Usability metrics, Heuristics evaluation"
}
@article{JESSE2016275,
title = "Internet of Things and Big Data – The Disruption of the Value Chain and the Rise of New Software Ecosystems",
journal = "IFAC-PapersOnLine",
volume = "49",
number = "29",
pages = "275 - 282",
year = "2016",
note = "17th IFAC Conference on International Stability, Technology and Culture TECIS 2016",
issn = "2405-8963",
doi = "https://doi.org/10.1016/j.ifacol.2016.11.079",
url = "http://www.sciencedirect.com/science/article/pii/S2405896316325174",
author = "Norbert Jesse",
keywords = "Internet of Things, Smart Factories, Big Data, Software Platforms, Data Science"
}
@article{DONG2010274,
title = "Automated verification of security pattern compositions",
journal = "Information and Software Technology",
volume = "52",
number = "3",
pages = "274 - 295",
year = "2010",
issn = "0950-5849",
doi = "https://doi.org/10.1016/j.infsof.2009.10.001",
url = "http://www.sciencedirect.com/science/article/pii/S0950584909001724",
author = "Jing Dong and Tu Peng and Yajing Zhao",
keywords = "Design pattern, Security, Logics, Process algebra, Model checking"
}
@article{LISICKI20161404,
title = "Optimal design and operation of Archimedes screw turbines using Bayesian optimization",
journal = "Applied Energy",
volume = "183",
pages = "1404 - 1417",
year = "2016",
issn = "0306-2619",
doi = "https://doi.org/10.1016/j.apenergy.2016.09.084",
url = "http://www.sciencedirect.com/science/article/pii/S0306261916313861",
author = "Michal Lisicki and William Lubitz and Graham W. Taylor",
keywords = "Bayesian optimization, Archimedes screw turbine, Micro hydro, Renewable energy system, Power generation"
}
@article{KIM2006820,
title = "Scenario-based multitasking for real-time object-oriented models",
journal = "Information and Software Technology",
volume = "48",
number = "9",
pages = "820 - 835",
year = "2006",
note = "Special Issue Section: Distributed Software Development",
issn = "0950-5849",
doi = "https://doi.org/10.1016/j.infsof.2005.10.003",
url = "http://www.sciencedirect.com/science/article/pii/S0950584905001485",
author = "Saehwa Kim and Jiyong Park and Seongsoo Hong",
keywords = "Object-oriented real-time system design, Embedded software development methodology, Automated multitasking code synthesis, Object-oriented modeling tools, Unified modeling language (UML)"
}
@article{STREMBECK2011456,
title = "Modeling process-related RBAC models with extended UML activity models",
journal = "Information and Software Technology",
volume = "53",
number = "5",
pages = "456 - 483",
year = "2011",
note = "Special Section on Best Papers from XP2010",
issn = "0950-5849",
doi = "https://doi.org/10.1016/j.infsof.2010.11.015",
url = "http://www.sciencedirect.com/science/article/pii/S0950584910002181",
author = "Mark Strembeck and Jan Mendling",
keywords = "Process modeling, Role-based access control, Role engineering, Systems modeling, UML"
}
@article{KOCHOVA201167,
title = "How to asses, visualize and compare the anisotropy of linear structures reconstructed from optical sections—A study based on histopathological quantification of human brain microvessels",
journal = "Journal of Theoretical Biology",
volume = "286",
pages = "67 - 78",
year = "2011",
issn = "0022-5193",
doi = "https://doi.org/10.1016/j.jtbi.2011.07.004",
url = "http://www.sciencedirect.com/science/article/pii/S0022519311003481",
author = "Petra Kochová and Robert Cimrman and Jiří Janáček and Kirsti Witter and Zbyněk Tonar",
keywords = "Rose of directions, Preferential directions, Chi-square test, Length density, Python"
}
@article{WESTLAND2004229,
title = "The cost behavior of software defects",
journal = "Decision Support Systems",
volume = "37",
number = "2",
pages = "229 - 238",
year = "2004",
issn = "0167-9236",
doi = "https://doi.org/10.1016/S0167-9236(03)00020-4",
url = "http://www.sciencedirect.com/science/article/pii/S0167923603000204",
author = "J.Christopher Westland",
keywords = "Software cost economics"
}
@article{HUANG201511,
title = "GeoSegmenter: A statistically learned Chinese word segmenter for the geoscience domain",
journal = "Computers & Geosciences",
volume = "76",
pages = "11 - 17",
year = "2015",
issn = "0098-3004",
doi = "https://doi.org/10.1016/j.cageo.2014.11.005",
url = "http://www.sciencedirect.com/science/article/pii/S0098300414002659",
author = "Lan Huang and Youfu Du and Gongyang Chen",
keywords = "Chinese word segmentation, Conditional random fields, Natural language processing"
}
@article{FRIED2010118,
title = "Performance measurement systems and their relation to strategic learning: A case study in a software-developing organization",
journal = "Critical Perspectives on Accounting",
volume = "21",
number = "2",
pages = "118 - 133",
year = "2010",
issn = "1045-2354",
doi = "https://doi.org/10.1016/j.cpa.2009.08.007",
url = "http://www.sciencedirect.com/science/article/pii/S1045235409001361",
author = "Andrea Fried",
keywords = "Application, Change, Deutero learning, Double-loop learning, Inertia, Intangible resource, Performance measurement system, Single-loop learning, Strategic learning"
}
@article{CARNIEL200680,
title = "A user-friendly, dynamic web environment for remote data browsing and analysis of multiparametric geophysical data within the MULTIMO project",
journal = "Journal of Volcanology and Geothermal Research",
volume = "153",
number = "1",
pages = "80 - 96",
year = "2006",
note = "MULTIMO: Multi-Parameter Monitoring, Modelling and Forecasting of Volcanic Hazard",
issn = "0377-0273",
doi = "https://doi.org/10.1016/j.jvolgeores.2005.08.005",
url = "http://www.sciencedirect.com/science/article/pii/S0377027305003859",
author = "Roberto Carniel and Mauro Di Cecca and Olivier Jaquet",
keywords = "geophysical database, application server, time series analysis, Open Source"
}
@article{BARNES1990199,
title = "Graphical tool for computer-aided prototyping",
journal = "Information and Software Technology",
volume = "32",
number = "3",
pages = "199 - 206",
year = "1990",
issn = "0950-5849",
doi = "https://doi.org/10.1016/0950-5849(90)90178-T",
url = "http://www.sciencedirect.com/science/article/pii/095058499090178T",
author = "Luqi P.D. Barnes and M Zyda",
keywords = "software engineering, rapid prototyping, computer-aided design, computer graphics, graphical editor"
}
@article{ZHANG2015240,
title = "Storing OWL ontologies in object-oriented databases",
journal = "Knowledge-Based Systems",
volume = "76",
pages = "240 - 255",
year = "2015",
issn = "0950-7051",
doi = "https://doi.org/10.1016/j.knosys.2014.12.020",
url = "http://www.sciencedirect.com/science/article/pii/S0950705114004584",
author = "Fu Zhang and Z.M. Ma and Weijun Li",
keywords = "OWL, Ontology, Object-oriented database, Storage, Query"
}
@article{KONAKOVSKY198721,
title = "Software Quality Control and Evaluation for the Development of Complex Systems",
journal = "IFAC Proceedings Volumes",
volume = "20",
number = "5, Part 4",
pages = "21 - 25",
year = "1987",
note = "10th Triennial IFAC Congress on Automatic Control - 1987 Volume IV, Munich, Germany, 27-31 July",
issn = "1474-6670",
doi = "https://doi.org/10.1016/S1474-6670(17)55287-8",
url = "http://www.sciencedirect.com/science/article/pii/S1474667017552878",
author = "R. Konakovsky",
keywords = "Software, Computer reliability, Software quality control, Software engineering, Project management"
}
@article{CANFORA1990357,
title = "Reverse engineering and data flow diagrams in ADA environment",
journal = "Microprocessing and Microprogramming",
volume = "30",
number = "1",
pages = "357 - 364",
year = "1990",
note = "Proceedings Euromicro 90: Hardware and Software in System Engineering",
issn = "0165-6074",
doi = "https://doi.org/10.1016/0165-6074(90)90267-D",
url = "http://www.sciencedirect.com/science/article/pii/016560749090267D",
author = "G. Canfora and A. Cimitile and U. De Carlini",
keywords = "Software Engineering, Real Time Software, Reverse Engineering, Software Maintenance, Data Flow Diagrams"
}
@incollection{ROTHENBERG1989205,
title = "Expert System Tool Evaluation",
editor = "Giovanni GUIDA and Carlo TASSO",
series = "Studies in Computer Science and Artificial Intelligence",
publisher = "North-Holland",
volume = "5",
pages = "205 - 229",
year = "1989",
booktitle = "Topics in Expert System Design",
issn = "0924-3542",
doi = "https://doi.org/10.1016/B978-0-444-87321-7.50013-2",
url = "http://www.sciencedirect.com/science/article/pii/B9780444873217500132",
author = "Jeff ROTHENBERG"
}
@article{ABATE20122228,
title = "Dependency solving: A separate concern in component evolution management",
journal = "Journal of Systems and Software",
volume = "85",
number = "10",
pages = "2228 - 2240",
year = "2012",
note = "Automated Software Evolution",
issn = "0164-1212",
doi = "https://doi.org/10.1016/j.jss.2012.02.018",
url = "http://www.sciencedirect.com/science/article/pii/S0164121212000477",
author = "Pietro Abate and Roberto Di Cosmo and Ralf Treinen and Stefano Zacchiroli",
keywords = "Component, Dependency solving, Software evolution, Package management, Open source, Competition"
}
@article{SKUCE1993305,
title = "A multi-functional knowledge management system",
journal = "Knowledge Acquisition",
volume = "5",
number = "3",
pages = "305 - 346",
year = "1993",
issn = "1042-8143",
doi = "https://doi.org/10.1006/knac.1993.1011",
url = "http://www.sciencedirect.com/science/article/pii/S1042814383710113",
author = "Douglas Skuce"
}
@article{SUN2012160,
title = "Development of a Web-based visualization platform for climate research using Google Earth",
journal = "Computers & Geosciences",
volume = "47",
pages = "160 - 168",
year = "2012",
note = "Towards a Geoprocessing Web",
issn = "0098-3004",
doi = "https://doi.org/10.1016/j.cageo.2011.09.010",
url = "http://www.sciencedirect.com/science/article/pii/S0098300411003104",
author = "Xiaojuan Sun and Suhung Shen and Gregory G. Leptoukh and Panxing Wang and Liping Di and Mingyue Lu",
keywords = "Data visualization, KML, Google Earth, Climate study, Data sharing"
}