@article{AMEEDEEN2011332,
title = "Model interoperability via Model Driven Development",
journal = "Journal of Computer and System Sciences",
volume = "77",
number = "2",
pages = "332 - 347",
year = "2011",
note = "Adaptivity in Heterogeneous Environments",
issn = "0022-0000",
doi = "https://doi.org/10.1016/j.jcss.2010.01.011",
url = "http://www.sciencedirect.com/science/article/pii/S0022000010000127",
author = "Mohamed A. Ameedeen and Behzad Bordbar and Rachid Anane",
keywords = "Model Driven Development, Model interoperability, Software development, UML, Petri Nets"
}
@article{JONES200859,
title = "Dimensional modeling: Identification, classification, and evaluation of patterns",
journal = "Decision Support Systems",
volume = "45",
number = "1",
pages = "59 - 76",
year = "2008",
note = "Data Warehousing and OLAP",
issn = "0167-9236",
doi = "https://doi.org/10.1016/j.dss.2006.12.004",
url = "http://www.sciencedirect.com/science/article/pii/S0167923606002089",
author = "Mary Elizabeth “M.E.” Jones and Il-Yeol Song",
keywords = "Data warehouse, Dimensional modeling, Data models, Design, Patterns, Software engineering"
}
@article{RAVENEL20111091,
title = "Design and test of feedback control loops with a generic multipurpose tokamak plasma discharges flight simulator",
journal = "Fusion Engineering and Design",
volume = "86",
number = "6",
pages = "1091 - 1094",
year = "2011",
note = "Proceedings of the 26th Symposium of Fusion Technology (SOFT-26)",
issn = "0920-3796",
doi = "https://doi.org/10.1016/j.fusengdes.2011.05.006",
url = "http://www.sciencedirect.com/science/article/pii/S0920379611004911",
author = "N. Ravenel and S. Mannori and S. Brémond and Ph. Moreau and O. Barana and C. Boulbe and Y. Frauel and B. Guillerminet and Ph. Huynh and F. Imbeaux and P. Pastor and J. Signoret",
keywords = "Fusion, Scicoslab, Control toolbox, Flight simulator, Integrated tokamak modelling (ITM), Kepler"
}
@article{JAMES20159389,
title = "A framework to explore innovation at SAP through bibliometric analysis of patent applications",
journal = "Expert Systems with Applications",
volume = "42",
number = "24",
pages = "9389 - 9401",
year = "2015",
issn = "0957-4174",
doi = "https://doi.org/10.1016/j.eswa.2015.08.007",
url = "http://www.sciencedirect.com/science/article/pii/S0957417415005461",
author = "Tabitha L. James and Deborah F. Cook and Sumali Conlon and Kellie B. Keeling and Stephane Collignon and Trevor White",
keywords = "Software, Innovation, Enterprise data management, Business intelligence and social media/data analytics, Text analysis, Cluster analysis"
}
@article{CONRADI1995317,
title = "Planning support for cooperating transactions in EPOS",
journal = "Information Systems",
volume = "20",
number = "4",
pages = "317 - 336",
year = "1995",
note = "Sixth International Conference on Advanced Information Systems Engineering",
issn = "0306-4379",
doi = "https://doi.org/10.1016/0306-4379(95)00017-X",
url = "http://www.sciencedirect.com/science/article/pii/030643799500017X",
author = "Reidar Conradi and Chunnian Liu and Marianne Hagaseth",
keywords = "Software Process Modelling, Planning, Cooperating Transactions"
}
@article{AZZEH2011270,
title = "Analogy-based software effort estimation using Fuzzy numbers",
journal = "Journal of Systems and Software",
volume = "84",
number = "2",
pages = "270 - 284",
year = "2011",
issn = "0164-1212",
doi = "https://doi.org/10.1016/j.jss.2010.09.028",
url = "http://www.sciencedirect.com/science/article/pii/S0164121210002669",
author = "Mohammad Azzeh and Daniel Neagu and Peter I. Cowling",
keywords = "Early stage software effort estimation, Cost estimation, Estimation by analogy, Similarity measurement, Generalized Fuzzy numbers"
}
@article{ZHANG2013822,
title = "A survey of experienced user perceptions about software design patterns",
journal = "Information and Software Technology",
volume = "55",
number = "5",
pages = "822 - 835",
year = "2013",
issn = "0950-5849",
doi = "https://doi.org/10.1016/j.infsof.2012.11.003",
url = "http://www.sciencedirect.com/science/article/pii/S0950584912002297",
author = "Cheng Zhang and David Budgen",
keywords = "Software design patterns, Survey, Software design"
}
@article{PEDRYCZ20121985,
title = "Knowledge transfer in system modeling and its realization through an optimal allocation of information granularity",
journal = "Applied Soft Computing",
volume = "12",
number = "8",
pages = "1985 - 1995",
year = "2012",
issn = "1568-4946",
doi = "https://doi.org/10.1016/j.asoc.2012.02.004",
url = "http://www.sciencedirect.com/science/article/pii/S1568494612000609",
author = "Witold Pedrycz and Barbara Russo and Giancarlo Succi",
keywords = "Knowledge transfer and knowledge reusability, Granular model, Information granularity, Optimal granularity allocation, Software cost estimation, Computational intelligence"
}
@article{HILLIER20111070,
title = "A farm-focused calculator for emissions from crop and livestock production",
journal = "Environmental Modelling & Software",
volume = "26",
number = "9",
pages = "1070 - 1078",
year = "2011",
issn = "1364-8152",
doi = "https://doi.org/10.1016/j.envsoft.2011.03.014",
url = "http://www.sciencedirect.com/science/article/pii/S1364815211000892",
author = "Jonathan Hillier and Christof Walter and Daniella Malin and Tirma Garcia-Suarez and Llorenç Mila-i-Canals and Pete Smith",
keywords = "Cool farm tool, Emissions, GHG, Agriculture"
}
@article{GARCIAMAGARINO201634,
title = "A model-driven approach for constructing ambient assisted-living multi-agent systems customized for Parkinson patients",
journal = "Journal of Systems and Software",
volume = "111",
pages = "34 - 48",
year = "2016",
issn = "0164-1212",
doi = "https://doi.org/10.1016/j.jss.2015.09.014",
url = "http://www.sciencedirect.com/science/article/pii/S0164121215002083",
author = "Iván García-Magariño and Guillermo Palacios-Navarro",
keywords = "Agent-oriented software engineering, Model-driven engineering, Parkinson disease"
}
@article{CORTELLESSA2004219,
title = "Three Performance Models at Work: A Software Designer Perspective",
journal = "Electronic Notes in Theoretical Computer Science",
volume = "97",
pages = "219 - 239",
year = "2004",
note = "Proceedings of FOCLASA 2003, the Foundations of Coordination Languages and Software Architectures, a satellite event of CONCUR 2003",
issn = "1571-0661",
doi = "https://doi.org/10.1016/j.entcs.2004.04.038",
url = "http://www.sciencedirect.com/science/article/pii/S1571066104050479",
author = "Vittorio Cortellessa and Antinisca Di Marco and Paola Inverardi",
keywords = "Automated Performance Validation, Software Architectures, Queuing Networks, Generalized Stochastic Petri Nets, Stochastic Process Algebras"
}
@article{TSAI2003167,
title = "Human resource selection for software development projects using Taguchi’s parameter design",
journal = "European Journal of Operational Research",
volume = "151",
number = "1",
pages = "167 - 180",
year = "2003",
issn = "0377-2217",
doi = "https://doi.org/10.1016/S0377-2217(02)00600-8",
url = "http://www.sciencedirect.com/science/article/pii/S0377221702006008",
author = "Hsien-Tang Tsai and Herbert Moskowitz and Lai-Hsi Lee",
keywords = "Resource selection, Critical resource diagram, Project management, Parameter design"
}
@article{GARCIA2006627,
title = "FMESP: Framework for the modeling and evaluation of software processes",
journal = "Journal of Systems Architecture",
volume = "52",
number = "11",
pages = "627 - 639",
year = "2006",
note = "Agile Methodologies for Software Production",
issn = "1383-7621",
doi = "https://doi.org/10.1016/j.sysarc.2006.06.007",
url = "http://www.sciencedirect.com/science/article/pii/S1383762106000658",
author = "Félix García and Mario Piattini and Francisco Ruiz and Gerardo Canfora and Corrado A. Visaggio",
keywords = "Software process modeling, Software measurement, Conceptual framework, Software engineering environment"
}
@incollection{TSIRIGOS2012189,
title = "8 - GenomicTools: an open source platform for developing high-throughput analytics in genomics",
editor = "Lee Harland and Mark Forster",
booktitle = "Open Source Software in Life Science Research",
publisher = "Woodhead Publishing",
pages = "189 - 220",
year = "2012",
series = "Woodhead Publishing Series in Biomedicine",
isbn = "978-1-907568-97-8",
doi = "https://doi.org/10.1533/9781908818249.189",
url = "http://www.sciencedirect.com/science/article/pii/B9781907568978500084",
author = "Aristoteli.s. Tsirigos and Niin.a. Haiminen and Erha.n. Bilal and Filipp.o. Utro",
keywords = "computational genomics, ChIP-seq, RNA-seq, BED format, SAM format"
}
@article{KALLER20111,
title = "Reviewing the impact of problem structure on planning: A software tool for analyzing tower tasks",
journal = "Behavioural Brain Research",
volume = "216",
number = "1",
pages = "1 - 8",
year = "2011",
issn = "0166-4328",
doi = "https://doi.org/10.1016/j.bbr.2010.07.029",
url = "http://www.sciencedirect.com/science/article/pii/S0166432810005309",
author = "Christoph P. Kaller and Benjamin Rahm and Lena Köstering and Josef M. Unterrainer",
keywords = "Tower of London, Tower of Hanoi, Planning, Problem structure"
}
@article{KRIEGER2014167,
title = "MTpy: A Python toolbox for magnetotellurics",
journal = "Computers & Geosciences",
volume = "72",
pages = "167 - 175",
year = "2014",
issn = "0098-3004",
doi = "https://doi.org/10.1016/j.cageo.2014.07.013",
url = "http://www.sciencedirect.com/science/article/pii/S0098300414001794",
author = "Lars Krieger and Jared R. Peacock",
keywords = "Magnetotellurics, Data processing, Python toolbox, Software, Open source"
}
@article{ABEBE2015680,
title = "Extraction of domain concepts from the source code",
journal = "Science of Computer Programming",
volume = "98",
pages = "680 - 706",
year = "2015",
issn = "0167-6423",
doi = "https://doi.org/10.1016/j.scico.2014.09.012",
url = "http://www.sciencedirect.com/science/article/pii/S0167642314004419",
author = "Surafel Lemma Abebe and Paolo Tonella",
keywords = "Program understanding, Concept extraction, Domain concept filtering, Concept location, Information retrieval"
}
@article{MAHMOUD20158753,
title = "An efficient strategy for covering array construction with fuzzy logic-based adaptive swarm optimization for software testing use",
journal = "Expert Systems with Applications",
volume = "42",
number = "22",
pages = "8753 - 8765",
year = "2015",
issn = "0957-4174",
doi = "https://doi.org/10.1016/j.eswa.2015.07.029",
url = "http://www.sciencedirect.com/science/article/pii/S0957417415004893",
author = "Thair Mahmoud and Bestoun S. Ahmed",
keywords = "Covering array, Fuzzy logic, Combinatorial design, Particle swarm optimization, Software testing, Test generation tools, Search-based software engineering"
}
@article{JUNCHEN20165,
title = "A Learning-based Adaptive Signal Control System with Function Approximation**This work is partially supported by J. Gust. Richert Foundation.",
journal = "IFAC-PapersOnLine",
volume = "49",
number = "3",
pages = "5 - 10",
year = "2016",
note = "14th IFAC Symposium on Control in Transportation SystemsCTS 2016",
issn = "2405-8963",
doi = "https://doi.org/10.1016/j.ifacol.2016.07.002",
url = "http://www.sciencedirect.com/science/article/pii/S2405896316301975",
author = "Jin Junchen and Ma Xiaoliang",
keywords = "Adaptive signal control, group-based phasing, multi-agent system, reinforcement learning, function approximation"
}
@article{FUENTES20081248,
title = "Generating CAM aspect-oriented architectures using Model-Driven Development",
journal = "Information and Software Technology",
volume = "50",
number = "12",
pages = "1248 - 1265",
year = "2008",
issn = "0950-5849",
doi = "https://doi.org/10.1016/j.infsof.2007.10.020",
url = "http://www.sciencedirect.com/science/article/pii/S0950584907001516",
author = "Lidia Fuentes and Mónica Pinto and Pablo Sánchez",
keywords = "Aspect-orientation, Software architectures, Model-Driven Development, Component-based systems"
}
@article{HOST1997755,
title = "A subjective effort estimation experiment",
journal = "Information and Software Technology",
volume = "39",
number = "11",
pages = "755 - 762",
year = "1997",
note = "Evaluation and Assessment in Software Engineering",
issn = "0950-5849",
doi = "https://doi.org/10.1016/S0950-5849(97)00027-X",
url = "http://www.sciencedirect.com/science/article/pii/S095058499700027X",
author = "Martin Höst and Claes Wohlin",
keywords = "Effort estimation, Experimentation, Personal software process"
}
@article{KANDARE2010419,
title = "Domain specific model-based development of software for programmable logic controllers",
journal = "Computers in Industry",
volume = "61",
number = "5",
pages = "419 - 431",
year = "2010",
issn = "0166-3615",
doi = "https://doi.org/10.1016/j.compind.2009.10.001",
url = "http://www.sciencedirect.com/science/article/pii/S0166361509001924",
author = "Gregor Kandare and Stanislav Strmčnik and Giovanni Godena",
keywords = "Procedural process control, Software engineering, Domain specific languages, Programable logic controllers"
}
@article{SUTCLIFFE1992719,
title = "Analysing the novice analyst: cognitive models in software engineering",
journal = "International Journal of Man-Machine Studies",
volume = "36",
number = "5",
pages = "719 - 740",
year = "1992",
issn = "0020-7373",
doi = "https://doi.org/10.1016/0020-7373(92)90038-M",
url = "http://www.sciencedirect.com/science/article/pii/002073739290038M",
author = "A.G. Sutcliffe and N.A.M. Maiden"
}
@article{GOLDMAN2009223,
title = "Codetrail: Connecting source code and web resources",
journal = "Journal of Visual Languages & Computing",
volume = "20",
number = "4",
pages = "223 - 235",
year = "2009",
note = "Special Issue on Best Papers from VL/HCC2008",
issn = "1045-926X",
doi = "https://doi.org/10.1016/j.jvlc.2009.04.003",
url = "http://www.sciencedirect.com/science/article/pii/S1045926X09000263",
author = "Max Goldman and Robert C. Miller",
keywords = "Software development, Development environment, Web browser, Human–computer interaction"
}
@article{PATEL201526,
title = "Automated quantification of neuronal networks and single-cell calcium dynamics using calcium imaging",
journal = "Journal of Neuroscience Methods",
volume = "243",
pages = "26 - 38",
year = "2015",
issn = "0165-0270",
doi = "https://doi.org/10.1016/j.jneumeth.2015.01.020",
url = "http://www.sciencedirect.com/science/article/pii/S0165027015000217",
author = "Tapan P. Patel and Karen Man and Bonnie L. Firestein and David F. Meaney",
keywords = "Calcium imaging, Event detection, Functional connectivity, Synchrony, Neuronal phenotype, FluoroSNNAP"
}
@article{SCHENK2013173,
title = "A pipeline for comprehensive and automated processing of electron diffraction data in IPLT",
journal = "Journal of Structural Biology",
volume = "182",
number = "2",
pages = "173 - 185",
year = "2013",
issn = "1047-8477",
doi = "https://doi.org/10.1016/j.jsb.2013.02.017",
url = "http://www.sciencedirect.com/science/article/pii/S1047847713000543",
author = "Andreas D. Schenk and Ansgar Philippsen and Andreas Engel and Thomas Walz",
keywords = "Electron crystallography, Electron diffraction, Image processing, Software"
}
@article{ANDREWS198664,
title = "Overview of software engineering",
journal = "Data Processing",
volume = "28",
number = "2",
pages = "64 - 78",
year = "1986",
issn = "0011-684X",
doi = "https://doi.org/10.1016/0011-684X(86)90100-0",
url = "http://www.sciencedirect.com/science/article/pii/0011684X86901000",
author = "Derek Andrews",
keywords = "data processing, software techniques, software engineering, programming languages"
}
@article{YU2016204,
title = "Reviewer recommendation for pull-requests in GitHub: What can we learn from code review and bug assignment?",
journal = "Information and Software Technology",
volume = "74",
pages = "204 - 218",
year = "2016",
issn = "0950-5849",
doi = "https://doi.org/10.1016/j.infsof.2016.01.004",
url = "http://www.sciencedirect.com/science/article/pii/S0950584916000069",
author = "Yue Yu and Huaimin Wang and Gang Yin and Tao Wang",
keywords = "Pull-request, Reviewer recommendation, Social network analysis"
}
@article{LIBURD201012,
title = "Changing Approaches Towards Open Education, Innovation and Research in Tourism",
journal = "Journal of Hospitality and Tourism Management",
volume = "17",
number = "1",
pages = "12 - 20",
year = "2010",
issn = "1447-6770",
doi = "https://doi.org/10.1375/jhtm.17.1.12",
url = "http://www.sciencedirect.com/science/article/pii/S1447677000000590",
author = "Janne Liburd and Anne-Mette Hjalager",
keywords = "Web 2.0, tourism education, Open Innovation, INNOTOUR"
}
@article{NARASIMHADEVARA2008137,
title = "On designing a usable interactive system to support transplant nursing",
journal = "Journal of Biomedical Informatics",
volume = "41",
number = "1",
pages = "137 - 151",
year = "2008",
issn = "1532-0464",
doi = "https://doi.org/10.1016/j.jbi.2007.03.006",
url = "http://www.sciencedirect.com/science/article/pii/S1532046407000226",
author = "A. Narasimhadevara and T. Radhakrishnan and B. Leung and R. Jayakumar",
keywords = "User centered design, Usability testing, Transplant nursing, Software methodology"
}
@article{GONZE2002478,
title = "First-principles computation of material properties: the ABINIT software project",
journal = "Computational Materials Science",
volume = "25",
number = "3",
pages = "478 - 492",
year = "2002",
issn = "0927-0256",
doi = "https://doi.org/10.1016/S0927-0256(02)00325-7",
url = "http://www.sciencedirect.com/science/article/pii/S0927025602003257",
author = "X. Gonze and J.-M. Beuken and R. Caracas and F. Detraux and M. Fuchs and G.-M. Rignanese and L. Sindic and M. Verstraete and G. Zerah and F. Jollet and M. Torrent and A. Roy and M. Mikami and Ph. Ghosez and J.-Y. Raty and D.C. Allan",
keywords = "Density functional theory, Software engineering, Electronic structure"
}
@article{SHARMA2015632,
title = "A Novel Way of Assessing Software Bug Severity Using Dictionary of Critical Terms",
journal = "Procedia Computer Science",
volume = "70",
pages = "632 - 639",
year = "2015",
note = "Proceedings of the 4th International Conference on Eco-friendly Computing and Communication Systems",
issn = "1877-0509",
doi = "https://doi.org/10.1016/j.procs.2015.10.059",
url = "http://www.sciencedirect.com/science/article/pii/S1877050915032238",
author = "Gitika Sharma and Sumit Sharma and Shruti Gujral",
keywords = "Bug, Bug Tracking System, Bug Triaging System, Feature selection methods, Machine Learning Algorithms."
}
@article{TSAI1990131,
title = "A knowledge-based approach for checking software information using a non-monotonic reasoning system",
journal = "Knowledge-Based Systems",
volume = "3",
number = "3",
pages = "131 - 138",
year = "1990",
issn = "0950-7051",
doi = "https://doi.org/10.1016/0950-7051(91)90026-X",
url = "http://www.sciencedirect.com/science/article/pii/095070519190026X",
author = "Jeffrey J.-P. Tsai and Thomas Weigert",
keywords = "knowledge-based software systems, knowledge representation, non-monotonic logic, automated reasoning"
}
@article{BARRETO20083073,
title = "Staffing a software project: A constraint satisfaction and optimization-based approach",
journal = "Computers & Operations Research",
volume = "35",
number = "10",
pages = "3073 - 3089",
year = "2008",
note = "Part Special Issue: Search-based Software Engineering",
issn = "0305-0548",
doi = "https://doi.org/10.1016/j.cor.2007.01.010",
url = "http://www.sciencedirect.com/science/article/pii/S0305054807000226",
author = "Ahilton Barreto and Márcio de O. Barros and Cláudia M.L. Werner",
keywords = "Staffing, Constraint satisfaction problems, Branch and bound"
}
@incollection{CERI2003193,
title = "Chapter 6 - Overview of the Development Process",
editor = "Stefano Ceri and Piero Fraternali and Aldo Bongio and Marco Brambilla and Sara Comai and Maristella Matera",
booktitle = "Designing Data-Intensive Web Applications",
publisher = "Morgan Kaufmann",
address = "San Francisco",
pages = "193 - 202",
year = "2003",
series = "The Morgan Kaufmann Series in Data Management Systems",
isbn = "978-1-55860-843-6",
doi = "https://doi.org/10.1016/B978-155860843-6/50007-4",
url = "http://www.sciencedirect.com/science/article/pii/B9781558608436500074",
author = "Stefano Ceri and Piero Fraternali and Aldo Bongio and Marco Brambilla and Sara Comai and Maristella Matera"
}
@article{CASEY2015S102,
title = "Leveraging CybOX™ to standardize representation and exchange of digital forensic information",
journal = "Digital Investigation",
volume = "12",
pages = "S102 - S110",
year = "2015",
note = "DFRWS 2015 Europe",
issn = "1742-2876",
doi = "https://doi.org/10.1016/j.diin.2015.01.014",
url = "http://www.sciencedirect.com/science/article/pii/S1742287615000158",
author = "Eoghan Casey and Greg Back and Sean Barnum",
keywords = "Digital forensics, Standard representation, Digital forensic ontology, Digital forensic XML, CybOX, DFXML, DFAX"
}
@article{KHATTAK2015144,
title = "BotFlex: A community-driven tool for botnet detection",
journal = "Journal of Network and Computer Applications",
volume = "58",
pages = "144 - 154",
year = "2015",
issn = "1084-8045",
doi = "https://doi.org/10.1016/j.jnca.2015.10.002",
url = "http://www.sciencedirect.com/science/article/pii/S1084804515002155",
author = "Sheharbano Khattak and Zaafar Ahmed and Affan A. Syed and Syed Ali Khayam",
keywords = "Botnet, Network security, Correlation"
}
@article{BRALTS1993275,
title = "An expert system for the hydraulic analysis of microirrigation systems",
journal = "Computers and Electronics in Agriculture",
volume = "9",
number = "4",
pages = "275 - 287",
year = "1993",
issn = "0168-1699",
doi = "https://doi.org/10.1016/0168-1699(93)90046-4",
url = "http://www.sciencedirect.com/science/article/pii/0168169993900464",
author = "Vincent F. Bralts and Michael A. Driscoll and Walid H. Shayya and Liansheng Cao"
}
@article{KHEDRO1996243,
title = "A distributed problem-solving approach to collaborative facility engineering",
journal = "Advances in Engineering Software",
volume = "25",
number = "2",
pages = "243 - 252",
year = "1996",
note = "Computing in Civil and Structural Engineering",
issn = "0965-9978",
doi = "https://doi.org/10.1016/0965-9978(95)00100-X",
url = "http://www.sciencedirect.com/science/article/pii/096599789500100X",
author = "Taha Khedro"
}
@article{SCHROTT1994163,
title = "A distributed task-oriented real-time programming system",
journal = "Annual Review in Automatic Programming",
volume = "18",
pages = "163 - 166",
year = "1994",
issn = "0066-4138",
doi = "https://doi.org/10.1016/0066-4138(94)90028-0",
url = "http://www.sciencedirect.com/science/article/pii/0066413894900280",
author = "G Schrott",
keywords = "Real-time operating system, real-time language, distributed computing, object-oriented programming, computer aided software engineering"
}
@article{JAHNKE200299,
title = "Supporting iterations in exploratory database reengineering processes",
journal = "Science of Computer Programming",
volume = "45",
number = "2",
pages = "99 - 136",
year = "2002",
note = "Special Issue on Software Maintenance and Reengineering (CSMR 99)",
issn = "0167-6423",
doi = "https://doi.org/10.1016/S0167-6423(02)00056-4",
url = "http://www.sciencedirect.com/science/article/pii/S0167642302000564",
author = "Jens H. Jahnke and Wilhelm Schäfer and Jörg P. Wadsack and Albert Zündorf",
keywords = "Database reengineering, Design recovery, Schema redesign, Computer-aided software engineering, Process iterations, Legacy information system, Database migration, Graph grammars"
}
@article{CARROLL19967443,
title = "Automated Software Development Tools and Methodology for Control Systems Design",
journal = "IFAC Proceedings Volumes",
volume = "29",
number = "1",
pages = "7443 - 7448",
year = "1996",
note = "13th World Congress of IFAC, 1996, San Francisco USA, 30 June - 5 July",
issn = "1474-6670",
doi = "https://doi.org/10.1016/S1474-6670(17)58885-0",
url = "http://www.sciencedirect.com/science/article/pii/S1474667017588850",
author = "Chester C. Carroll and Phillip R. Acuff",
keywords = "Software-development automation, hardware-software co-design, simulation, concurrent engineering, computer architectures"
}
@article{ROMERO2007992,
title = "Debugging strategies and tactics in a multi-representation software environment",
journal = "International Journal of Human-Computer Studies",
volume = "65",
number = "12",
pages = "992 - 1009",
year = "2007",
issn = "1071-5819",
doi = "https://doi.org/10.1016/j.ijhcs.2007.07.005",
url = "http://www.sciencedirect.com/science/article/pii/S1071581907001000",
author = "Pablo Romero and Benedict du Boulay and Richard Cox and Rudi Lutz and Sallyann Bryant",
keywords = "Multiple external representations, Graphical reasoning, Program debugging"
}
@article{CUADRADOGALLEGO2010347,
title = "An experimental study on the conversion between IFPUG and COSMIC functional size measurement units",
journal = "Information and Software Technology",
volume = "52",
number = "3",
pages = "347 - 357",
year = "2010",
issn = "0950-5849",
doi = "https://doi.org/10.1016/j.infsof.2009.12.001",
url = "http://www.sciencedirect.com/science/article/pii/S0950584909002134",
author = "Juan J. Cuadrado-Gallego and Luigi Buglione and María J. Domínguez-Alda and Marian Fernández de Sevilla and J. Antonio Gutierrez de Mesa and Onur Demirors",
keywords = "Software engineering, Functional size measurement (FSM), IFPUG, COSMIC, International Software Benchmarking Standards Group (ISBSG), Repository"
}
@article{ROELICH2014662,
title = "Improving the policy application of footprint indicators to support Europe's transition to a one planet economy: The development of the EUREAPA tool",
journal = "Science of The Total Environment",
volume = "481",
pages = "662 - 667",
year = "2014",
issn = "0048-9697",
doi = "https://doi.org/10.1016/j.scitotenv.2013.10.084",
url = "http://www.sciencedirect.com/science/article/pii/S004896971301228X",
author = "Katy Roelich and Anne Owen and David Thompson and Elena Dawkins and Chris West",
keywords = "Carbon footprint, Water footprint, Ecological footprint, Input–Output analysis, Agile software development, Policy analysis"
}
@article{BIDGOLI1988278,
title = "Improving the effectiveness of strategic decision making using an integrated decision support system",
journal = "Information and Software Technology",
volume = "30",
number = "5",
pages = "278 - 284",
year = "1988",
issn = "0950-5849",
doi = "https://doi.org/10.1016/0950-5849(88)90020-1",
url = "http://www.sciencedirect.com/science/article/pii/0950584988900201",
author = "Hossein Bidgoli and Mohsen Attaran",
keywords = "software development, decision support systems, expert systems"
}
@article{MOLLNILSEN201533,
title = "Spill-point analysis and structural trapping capacity in saline aquifers using MRST-co2lab",
journal = "Computers & Geosciences",
volume = "75",
pages = "33 - 43",
year = "2015",
issn = "0098-3004",
doi = "https://doi.org/10.1016/j.cageo.2014.11.002",
url = "http://www.sciencedirect.com/science/article/pii/S0098300414002520",
author = "Halvor Møll Nilsen and Knut-Andreas Lie and Olav Møyner and Odd Andersen",
keywords = "CO storage, Structural traps, Spill-point analysis"
}
@article{CHOPPY200652,
title = "A formally grounded software specification method",
journal = "The Journal of Logic and Algebraic Programming",
volume = "67",
number = "1",
pages = "52 - 86",
year = "2006",
note = "Algebraic Specification",
issn = "1567-8326",
doi = "https://doi.org/10.1016/j.jlap.2005.09.003",
url = "http://www.sciencedirect.com/science/article/pii/S1567832605000792",
author = "Christine Choppy and Gianna Reggio",
keywords = "Specification method, Formal specification, Algebraic-logical specification, Visual notation, C, C-L"
}
@article{STEPHENS201626,
title = "Implementing partnership-driven clinical federated electronic health record data sharing networks",
journal = "International Journal of Medical Informatics",
volume = "93",
pages = "26 - 33",
year = "2016",
issn = "1386-5056",
doi = "https://doi.org/10.1016/j.ijmedinf.2016.05.008",
url = "http://www.sciencedirect.com/science/article/pii/S1386505616300934",
author = "Kari A. Stephens and Nicholas Anderson and Ching-Ping Lin and Hossein Estiri",
keywords = "Information systems, Data sharing, Federated networks, Implementation, Electronic health records"
}
@article{SCANNIELLO2014494,
title = "Distributed modeling of use case diagrams with a method based on think-pair-square: Results from two controlled experiments",
journal = "Journal of Visual Languages & Computing",
volume = "25",
number = "4",
pages = "494 - 517",
year = "2014",
issn = "1045-926X",
doi = "https://doi.org/10.1016/j.jvlc.2014.03.002",
url = "http://www.sciencedirect.com/science/article/pii/S1045926X14000329",
author = "Giuseppe Scanniello and Ugo Erra",
keywords = "Experiments, Distributed Software Development, Requirements Modeling"
}
@article{DAVIDSON2017,
title = "A continuous improvement approach to social and emotional competency measurement",
journal = "Journal of Applied Developmental Psychology",
year = "2017",
issn = "0193-3973",
doi = "https://doi.org/10.1016/j.appdev.2017.03.002",
url = "http://www.sciencedirect.com/science/article/pii/S019339731630137X",
author = "Laura A. Davidson and Marisa K. Crowder and Rachel A. Gordon and Celene E. Domitrovich and Randal D. Brown and Benjamin I. Hayes",
keywords = "Researcher-practitioner partnership, Social emotional competency, Item response theory, Continuous measure improvement, Social emotional learning"
}
@article{MULLER2016277,
title = "Bridging the information gap: A webGIS tool for rural electrification in data-scarce regions",
journal = "Applied Energy",
volume = "171",
pages = "277 - 286",
year = "2016",
issn = "0306-2619",
doi = "https://doi.org/10.1016/j.apenergy.2016.03.052",
url = "http://www.sciencedirect.com/science/article/pii/S0306261916303725",
author = "Marc F. Müller and Sally E. Thompson and Maggi N. Kelly",
keywords = "Micro hydropower, WebGIS, Nepal, DEM"
}
@article{GRIECO2017340,
title = "QuickFuzz testing for fun and profit",
journal = "Journal of Systems and Software",
volume = "134",
pages = "340 - 354",
year = "2017",
issn = "0164-1212",
doi = "https://doi.org/10.1016/j.jss.2017.09.018",
url = "http://www.sciencedirect.com/science/article/pii/S0164121217302066",
author = "Gustavo Grieco and Martín Ceresa and Agustín Mista and Pablo Buiras",
keywords = "Testing, Fuzzing, Haskell, QuickCheck"
}
@article{HOORN2007328,
title = "Requirements change: Fears dictate the must haves; desires the won’t haves",
journal = "Journal of Systems and Software",
volume = "80",
number = "3",
pages = "328 - 355",
year = "2007",
note = "Selected papers from the 1st International Workshop on Requirements Engineering for Business Need and IT Alignment (REBNITA'05)",
issn = "0164-1212",
doi = "https://doi.org/10.1016/j.jss.2006.02.064",
url = "http://www.sciencedirect.com/science/article/pii/S0164121206001452",
author = "Johan F. Hoorn and Elly A. Konijn and Hans van Vliet and Gerrit van der Veer",
keywords = "Requirements validation, Goal-driven RE, Viewpoints, Requirements change, Empirical software engineering, Structured questionnaires"
}
@article{BANKER1994275,
title = "Evidence on economies of scale in software development",
journal = "Information and Software Technology",
volume = "36",
number = "5",
pages = "275 - 282",
year = "1994",
issn = "0950-5849",
doi = "https://doi.org/10.1016/0950-5849(94)90083-3",
url = "http://www.sciencedirect.com/science/article/pii/0950584994900833",
author = "Rajiv D Banker and Hsihui Chang and Chris F Kemerer",
keywords = "scale economies, returns to scale, productivity measurement, software development, software management, data envelopment analysis, software metrics, source lines of code, function points"
}
@article{ZAGHETTO2017118,
title = "Agent-based framework to individual tracking in unconstrained environments",
journal = "Expert Systems with Applications",
volume = "87",
pages = "118 - 128",
year = "2017",
issn = "0957-4174",
doi = "https://doi.org/10.1016/j.eswa.2017.05.065",
url = "http://www.sciencedirect.com/science/article/pii/S0957417417303925",
author = "Cauê Zaghetto and Luiz Henrique M. Aguiar and Alexandre Zaghetto and Célia G. Ralha and Flavio de Barros Vidal",
keywords = "Multiagent systems, Unconstrained tracking, Cloud storage"
}
@article{MONTOYA2011541,
title = "Comparative analysis of power variables in high performance embedded and x86 architectures using GNU/Linux",
journal = "Computers & Electrical Engineering",
volume = "37",
number = "4",
pages = "541 - 549",
year = "2011",
issn = "0045-7906",
doi = "https://doi.org/10.1016/j.compeleceng.2011.04.012",
url = "http://www.sciencedirect.com/science/article/pii/S0045790611000577",
author = "F.G. Montoya and A. Alcayde and P. Sánchez and C. Gil and M.G. Montoya and J. Gómez"
}
@article{BAKAR2013940,
title = "Student Centered Learning Environment for Project Monitoring",
journal = "Procedia Technology",
volume = "11",
pages = "940 - 949",
year = "2013",
note = "4th International Conference on Electrical Engineering and Informatics, ICEEI 2013",
issn = "2212-0173",
doi = "https://doi.org/10.1016/j.protcy.2013.12.279",
url = "http://www.sciencedirect.com/science/article/pii/S2212017313004337",
author = "Marini Abu Bakar and Jamhiriah Jilani and Norleyza Jailani and Rozilawati Razali and Zarina Shukur and Mohd Juzaiddin Abd Aziz",
keywords = "Computer Science final year project, Project supervision, Student Centered Learning, Software development"
}
@article{DANG2016,
title = "A data model for clinical legal medicine practice and the development of a dedicated software for both practitioners and researchers",
journal = "Journal of Forensic and Legal Medicine",
year = "2016",
issn = "1752-928X",
doi = "https://doi.org/10.1016/j.jflm.2016.11.002",
url = "http://www.sciencedirect.com/science/article/pii/S1752928X16301524",
author = "Catherine Dang and Thomas Phuong and Mahmoud Beddag and Anabel Vega and Céline Denis",
keywords = "Clinical legal medicine, Ontology, Data warehouse, Total incapacity to work, Personalized medicine, Predictive medicine"
}
@article{CANETEVALDEON2009173,
title = "The intentional relationship of representation between the constructs of a language and reality",
journal = "Data & Knowledge Engineering",
volume = "68",
number = "2",
pages = "173 - 191",
year = "2009",
issn = "0169-023X",
doi = "https://doi.org/10.1016/j.datak.2008.08.007",
url = "http://www.sciencedirect.com/science/article/pii/S0169023X08001171",
author = "José M. Cañete-Valdeón and Francisco J. Galán and Miguel Toro",
keywords = "Language definition (19.1), Ontologies (26), Conceptual modelling (7), Knowledge representation techniques"
}
@article{CROOKAL1987479,
title = "Education for CIM",
journal = "CIRP Annals",
volume = "36",
number = "2",
pages = "479 - 494",
year = "1987",
issn = "0007-8506",
doi = "https://doi.org/10.1016/S0007-8506(07)60750-1",
url = "http://www.sciencedirect.com/science/article/pii/S0007850607607501",
author = "John R. Crookal"
}
@article{GRUNSKE2007678,
title = "Early quality prediction of component-based systems – A generic framework",
journal = "Journal of Systems and Software",
volume = "80",
number = "5",
pages = "678 - 686",
year = "2007",
note = "Component-Based Software Engineering of Trustworthy Embedded Systems",
issn = "0164-1212",
doi = "https://doi.org/10.1016/j.jss.2006.08.014",
url = "http://www.sciencedirect.com/science/article/pii/S0164121206002238",
author = "Lars Grunske",
keywords = "Component-based systems, Dependability evaluation framework, Software architecture, Safety, Reliability, Performance, Availability"
}
@article{ABUDEIF2015682,
title = "Multicriteria decision analysis based on analytic hierarchy process in GIS environment for siting nuclear power plant in Egypt",
journal = "Annals of Nuclear Energy",
volume = "75",
pages = "682 - 692",
year = "2015",
issn = "0306-4549",
doi = "https://doi.org/10.1016/j.anucene.2014.09.024",
url = "http://www.sciencedirect.com/science/article/pii/S0306454914005039",
author = "A.M. Abudeif and A.A. Abdel Moneim and A.F. Farrag",
keywords = "Site selection, Nuclear power plant siting, MCDA, GIS, AHP & WLC, Egypt"
}
@article{REINER2001119,
title = "Object Oriented Paradigm for Manufacturing Automation",
journal = "IFAC Proceedings Volumes",
volume = "34",
number = "2",
pages = "119 - 122",
year = "2001",
note = "6th IFAC Workshop on Intelligent Manufacturing Systems 2001, Poznan, Poland, 24-26 April 2001",
issn = "1474-6670",
doi = "https://doi.org/10.1016/S1474-6670(17)36710-1",
url = "http://www.sciencedirect.com/science/article/pii/S1474667017367101",
author = "Jacek Reiner and Jan Koch",
keywords = "intelligent manufacturing systems, design systems, object modelling techniques, distribution control, software engineering, industry automation, knowledge representation"
}
@article{SAVEL2010523,
title = "A Public Health Grid (PHGrid): Architecture and value proposition for 21st century public health",
journal = "International Journal of Medical Informatics",
volume = "79",
number = "7",
pages = "523 - 529",
year = "2010",
issn = "1386-5056",
doi = "https://doi.org/10.1016/j.ijmedinf.2010.04.002",
url = "http://www.sciencedirect.com/science/article/pii/S1386505610000912",
author = "T. Savel and K. Hall and B. Lee and V. McMullin and M. Miles and J. Stinn and P. White and D. Washington and T. Boyd and L. Lenert",
keywords = "Public health, Surveillance, Grid computing, Architecture"
}
@article{FUKUDA1999188,
title = "Messages versus Messengers in Distributed Programming",
journal = "Journal of Parallel and Distributed Computing",
volume = "57",
number = "2",
pages = "188 - 211",
year = "1999",
issn = "0743-7315",
doi = "https://doi.org/10.1006/jpdc.1999.1533",
url = "http://www.sciencedirect.com/science/article/pii/S0743731599915332",
author = "Munehiro Fukuda and Lubomir F. Bic and Michael B. Dillencourt and Jason M. Cahill"
}
@article{BRIESCH20121588,
title = "Training and Evaluating a Statistical Part of Speech Tagger for Natural Language Applications using Kepler Workflows",
journal = "Procedia Computer Science",
volume = "9",
pages = "1588 - 1594",
year = "2012",
note = "Proceedings of the International Conference on Computational Science, ICCS 2012",
issn = "1877-0509",
doi = "https://doi.org/10.1016/j.procs.2012.04.174",
url = "http://www.sciencedirect.com/science/article/pii/S1877050912002955",
author = "Doug Briesch and Reginald Hobbs and Claire Jaja and Brian Kjersten and Clare Voss",
keywords = "natural language processing, part of speech tagging, computational linguistics, parallel corpora, machine translation, Arabic NLP, Penn treebank"
}
@incollection{FABIAN2009307,
title = "Chapter 15 - Using Mobile Technology to Unite (for) Children",
editor = "Allison Druin",
booktitle = "Mobile Technology for Children",
publisher = "Morgan Kaufmann",
address = "Boston",
pages = "307 - 327",
year = "2009",
isbn = "978-0-12-374900-0",
doi = "https://doi.org/10.1016/B978-0-12-374900-0.00015-6",
url = "http://www.sciencedirect.com/science/article/pii/B9780123749000000156",
author = "Christopher Fabian and Erica Kochi"
}
@article{KOMSTA20112820,
title = "The start-to-end chemometric image processing of 2D thin-layer videoscans",
journal = "Journal of Chromatography A",
volume = "1218",
number = "19",
pages = "2820 - 2825",
year = "2011",
note = "Planar Chromatography",
issn = "0021-9673",
doi = "https://doi.org/10.1016/j.chroma.2010.12.004",
url = "http://www.sciencedirect.com/science/article/pii/S0021967310016808",
author = "Łukasz Komsta and Łukasz Cieśla and Anna Bogucka-Kocka and Aleksandra Józefczyk and Jakub Kryszeń and Monika Waksmundzka-Hajnos",
keywords = "2D-TLC, Image processing, Fingerprinting,  spp."
}
@incollection{YIU2011221,
title = "Chapter 13 - Debug Features",
editor = "Joseph Yiu",
booktitle = "The Definitive Guide to the ARM Cortex-M0",
publisher = "Newnes",
address = "Oxford",
pages = "221 - 229",
year = "2011",
isbn = "978-0-12-385477-3",
doi = "https://doi.org/10.1016/B978-0-12-385477-3.10013-8",
url = "http://www.sciencedirect.com/science/article/pii/B9780123854773100138",
author = "Joseph Yiu"
}
@article{TEKIN2014406,
title = "A graph mining approach for detecting identical design structures in object-oriented design models",
journal = "Science of Computer Programming",
volume = "95",
pages = "406 - 425",
year = "2014",
note = "Special Issue on Software Clones (IWSC'12)",
issn = "0167-6423",
doi = "https://doi.org/10.1016/j.scico.2013.09.015",
url = "http://www.sciencedirect.com/science/article/pii/S0167642313002451",
author = "Umut Tekin and Feza Buzluca",
keywords = "Software design models, Identical design structures, Software motifs, Pattern extraction, Graph mining"
}
@article{DUQUE20111200,
title = "A model-based framework to automate the analysis of users' activity in collaborative systems",
journal = "Journal of Network and Computer Applications",
volume = "34",
number = "4",
pages = "1200 - 1209",
year = "2011",
note = "Advanced Topics in Cloud Computing",
issn = "1084-8045",
doi = "https://doi.org/10.1016/j.jnca.2011.01.005",
url = "http://www.sciencedirect.com/science/article/pii/S1084804511000221",
author = "Rafael Duque and Crescencio Bravo and Manuel Ortega",
keywords = "Collaboration analysis, Collaborative systems"
}
@article{CIZNICKI201490,
title = "Benchmarking JPEG 2000 implementations on modern CPU and GPU architectures",
journal = "Journal of Computational Science",
volume = "5",
number = "2",
pages = "90 - 98",
year = "2014",
note = "Empowering Science through Computing + BioInspired Computing",
issn = "1877-7503",
doi = "https://doi.org/10.1016/j.jocs.2013.04.002",
url = "http://www.sciencedirect.com/science/article/pii/S1877750313000410",
author = "Miłosz Ciżnicki and Michał Kierzynka and Piotr Kopta and Krzysztof Kurowski and Paweł Gepner",
keywords = "GPU, Multi-core CPU, JPEG 2000, Signal processing"
}
@article{BOTTONI2010821,
title = "A language-independent and formal approach to pattern-based modelling with support for composition and analysis",
journal = "Information and Software Technology",
volume = "52",
number = "8",
pages = "821 - 844",
year = "2010",
issn = "0950-5849",
doi = "https://doi.org/10.1016/j.infsof.2010.03.005",
url = "http://www.sciencedirect.com/science/article/pii/S0950584910000455",
author = "Paolo Bottoni and Esther Guerra and Juan de Lara",
keywords = "Pattern formalization, Pattern-based modelling, Pattern composition, Pattern conflicts"
}
@article{HOLLMANN2015100,
title = "CML-DEVS: A specification language for DEVS conceptual models",
journal = "Simulation Modelling Practice and Theory",
volume = "57",
pages = "100 - 117",
year = "2015",
issn = "1569-190X",
doi = "https://doi.org/10.1016/j.simpat.2015.06.007",
url = "http://www.sciencedirect.com/science/article/pii/S1569190X15001021",
author = "Diego A. Hollmann and Maximiliano Cristiá and Claudia Frydman",
keywords = "Conceptual model, Abstract model, DEVS, Discrete event simulation, Abstract language"
}
@article{SASSEN1992515,
title = "Predicting and Improving Response-Times of Perfect-Models",
journal = "IFAC Proceedings Volumes",
volume = "25",
number = "10",
pages = "515 - 520",
year = "1992",
note = "IFAC Symposium on Artificial Intelligence in Real Time Control 1992, Delft, The Netherlands, 16-18 June 1992",
issn = "1474-6670",
doi = "https://doi.org/10.1016/S1474-6670(17)50871-X",
url = "http://www.sciencedirect.com/science/article/pii/S147466701750871X",
author = "J.M.A. Sassen and A. Ollongren and R.B.M. Jaspers",
keywords = "Artificial Intelligence, Knowledge engineering, Computer-aided system design, Programming support, Predicting response times"
}
@article{ALBORS2008194,
title = "New learning network paradigms: Communities of objectives, crowdsourcing, wikis and open source",
journal = "International Journal of Information Management",
volume = "28",
number = "3",
pages = "194 - 202",
year = "2008",
issn = "0268-4012",
doi = "https://doi.org/10.1016/j.ijinfomgt.2007.09.006",
url = "http://www.sciencedirect.com/science/article/pii/S0268401207001181",
author = "J. Albors and J.C. Ramos and J.L. Hervas",
keywords = "Networks, Communities, Virtual groups"
}
@article{BELFI2015794,
title = "“Flipping” the Introductory Clerkship in Radiology: Impact on Medical Student Performance and Perceptions",
journal = "Academic Radiology",
volume = "22",
number = "6",
pages = "794 - 801",
year = "2015",
issn = "1076-6332",
doi = "https://doi.org/10.1016/j.acra.2014.11.003",
url = "http://www.sciencedirect.com/science/article/pii/S1076633214004036",
author = "Lily M. Belfi and Roger J. Bartolotta and Ashley E. Giambrone and Caryn Davi and Robert J. Min",
keywords = "Flipped classroom, blended learning, radiology education, clerkship, e-learning"
}
@article{SANDVIG2004579,
title = "An initial assessment of cooperative action in Wi-Fi networking",
journal = "Telecommunications Policy",
volume = "28",
number = "7",
pages = "579 - 602",
year = "2004",
note = "A selection of papers from the 31st Annual Telecommunications Policy Research Conference",
issn = "0308-5961",
doi = "https://doi.org/10.1016/j.telpol.2004.05.006",
url = "http://www.sciencedirect.com/science/article/pii/S0308596104000588",
author = "Christian Sandvig",
keywords = "Wireless, Innovation, Popularization, Infrastructure, Unlicensed, 802.11"
}
@article{DILLIBABU2005297,
title = "Cost estimation of a software product using COCOMO II.2000 model – a case study",
journal = "International Journal of Project Management",
volume = "23",
number = "4",
pages = "297 - 307",
year = "2005",
issn = "0263-7863",
doi = "https://doi.org/10.1016/j.ijproman.2004.11.003",
url = "http://www.sciencedirect.com/science/article/pii/S0263786304001024",
author = "R. Dillibabu and K. Krishnaiah",
keywords = "Embedded systems, Calibration, Scale factors and effort multipliers"
}
@article{SMIRNOV20132820,
title = "FIRE4, LiteRed and accompanying tools to solve integration by parts relations",
journal = "Computer Physics Communications",
volume = "184",
number = "12",
pages = "2820 - 2827",
year = "2013",
issn = "0010-4655",
doi = "https://doi.org/10.1016/j.cpc.2013.06.016",
url = "http://www.sciencedirect.com/science/article/pii/S0010465513002105",
author = "A.V. Smirnov and V.A. Smirnov",
keywords = "Feynman diagrams, Multiloop Feynman integrals, Dimensional regularization, Computer algebra"
}
@article{CAMARGO2012541,
title = "An open source object-based framework to extract landform classes",
journal = "Expert Systems with Applications",
volume = "39",
number = "1",
pages = "541 - 554",
year = "2012",
issn = "0957-4174",
doi = "https://doi.org/10.1016/j.eswa.2011.07.044",
url = "http://www.sciencedirect.com/science/article/pii/S0957417411010062",
author = "F.F. Camargo and C.M. Almeida and G.A.O.P. Costa and R.Q. Feitosa and D.A.B. Oliveira and C. Heipke and R.S. Ferreira",
keywords = "Cognitive approaches, Object-based image analysis, Semantic network, InterIMAGE, Geomorphology"
}
@article{QU201538,
title = "LittleQuickWarp: An ultrafast image warping tool",
journal = "Methods",
volume = "73",
pages = "38 - 42",
year = "2015",
note = "Spatial mapping of multi-modal data in neuroscience",
issn = "1046-2023",
doi = "https://doi.org/10.1016/j.ymeth.2014.09.002",
url = "http://www.sciencedirect.com/science/article/pii/S1046202314002886",
author = "Lei Qu and Hanchuan Peng",
keywords = "Image registration, Warping, Thin plate spline, B-spline"
}
@article{CHATZIKONSTANTINOU2016105,
title = "Run-time requirements verification for reconfigurable systems",
journal = "Information and Software Technology",
volume = "75",
pages = "105 - 121",
year = "2016",
issn = "0950-5849",
doi = "https://doi.org/10.1016/j.infsof.2016.04.005",
url = "http://www.sciencedirect.com/science/article/pii/S0950584916300593",
author = "George Chatzikonstantinou and Kostas Kontogiannis",
keywords = "Software engineering, System analysis, Run-time requirements verification, Goal models reasoning, Fuzzy reasoning"
}
@incollection{WISNIEWSKI2003187,
title = "Chapter 9 - A Compendium of Open Source Tools for OpenVMS and Linux",
editor = "John Robert Wisniewski",
booktitle = "Linux and OpenVMS Interoperability",
publisher = "Digital Press",
address = "Burlington",
pages = "187 - 190",
year = "2003",
series = "HP Technologies",
isbn = "978-1-55558-267-8",
doi = "https://doi.org/10.1016/B978-155558267-8/50010-8",
url = "http://www.sciencedirect.com/science/article/pii/B9781555582678500108",
author = "John Robert Wisniewski"
}
@article{LUCORE2015816,
title = "Dead-End Elimination with a Polarizable Force Field Repacks PCNA Structures",
journal = "Biophysical Journal",
volume = "109",
number = "4",
pages = "816 - 826",
year = "2015",
issn = "0006-3495",
doi = "https://doi.org/10.1016/j.bpj.2015.06.062",
url = "http://www.sciencedirect.com/science/article/pii/S0006349515006761",
author = "Stephen D. LuCore and Jacob M. Litman and Kyle T. Powers and Shibo Gao and Ava M. Lynn and William T.A. Tollefson and Timothy D. Fenn and M. Todd Washington and Michael J. Schnieders"
}
@article{ENSTE1998201,
title = "Flexible Process Control Structures in Multi-Product and Redundant-Routing Plants",
journal = "IFAC Proceedings Volumes",
volume = "31",
number = "23",
pages = "201 - 204",
year = "1998",
note = "9th IFAC Symposium on Automation in Mining, Mineral and Metal Processing (MMM 98), Cologne, Germany, 1-3 September 1998",
issn = "1474-6670",
doi = "https://doi.org/10.1016/S1474-6670(17)35880-9",
url = "http://www.sciencedirect.com/science/article/pii/S1474667017358809",
author = "U. Enste and M. Fedai",
keywords = "software engineering, process control models, flexible automation, software specification, functional blocks"
}
@article{ROYCHOUDHURY20103,
title = "Debugging as a Science, that too, when your Program is Changing",
journal = "Electronic Notes in Theoretical Computer Science",
volume = "266",
pages = "3 - 15",
year = "2010",
note = "Proceedings of the 3rd International Workshop on Harnessing Theories for Tool Support in Software (TTSS)",
issn = "1571-0661",
doi = "https://doi.org/10.1016/j.entcs.2010.08.045",
url = "http://www.sciencedirect.com/science/article/pii/S1571066110001246",
author = "Abhik Roychoudhury",
keywords = "Software Debugging, Symbolic Execution"
}
@article{ANUAR2014326,
title = "A direct methodology to establish design requirements for human–system interface (HSI) of automatic systems in nuclear power plants",
journal = "Annals of Nuclear Energy",
volume = "63",
pages = "326 - 338",
year = "2014",
issn = "0306-4549",
doi = "https://doi.org/10.1016/j.anucene.2013.07.022",
url = "http://www.sciencedirect.com/science/article/pii/S0306454913003770",
author = "Nuraslinda Anuar and Jonghyun Kim",
keywords = "Automation, Human–system interface design guidelines, Itemized Sequence Diagram, Human–system interaction"
}
@article{SASSEN1992515,
title = "Predicting and improving response-times of perfect-models",
journal = "Annual Review in Automatic Programming",
volume = "17",
pages = "515 - 520",
year = "1992",
note = "Artificial Intelligence in Real-time Control 1992",
issn = "0066-4138",
doi = "https://doi.org/10.1016/S0066-4138(09)91083-7",
url = "http://www.sciencedirect.com/science/article/pii/S0066413809910837",
author = "J.M.A. Sassen and A. Ollongren and R.B.M. Jaspers",
keywords = "Artificial Intelligence, Knowledge engineering, Computer-aided system design, Programming support, Predicting response times"
}
@article{HENNING199876,
title = "Enterprise Networks: The Re-engineering of Complex Software Systems",
journal = "IFAC Proceedings Volumes",
volume = "31",
number = "24",
pages = "76 - 81",
year = "1998",
note = "International Workshop on Automated Systems Based on Human Skill, Palanga, Lithuania, 8-12 September 1998",
issn = "1474-6670",
doi = "https://doi.org/10.1016/S1474-6670(17)38510-5",
url = "http://www.sciencedirect.com/science/article/pii/S1474667017385105",
author = "Klaus Henning and Horst Kesselmeier and Inga Tschiersch and Beate Stoffels and Sebastian Kutscha",
keywords = "Reengineering, Software Systems"
}
@article{PIERIK2016807,
title = "Designing ecological corridors in a fragmented landscape: A fuzzy approach to circuit connectivity analysis",
journal = "Ecological Indicators",
volume = "67",
pages = "807 - 820",
year = "2016",
issn = "1470-160X",
doi = "https://doi.org/10.1016/j.ecolind.2016.03.032",
url = "http://www.sciencedirect.com/science/article/pii/S1470160X16301364",
author = "Mario Enrico Pierik and Matteo Dell’Acqua and Roberto Confalonieri and Stefano Bocchi and Stefano Gomarasca",
keywords = "Biodiversity conservation, Landscape analysis, Ecological corridors, Graph analysis, Circuit theory, Fragmentation, Aggregation Index, Fuzzy analysis, Participative process"
}
@article{SNAPRUD1992369,
title = "Knowledge acquisition using hypertext",
journal = "Expert Systems with Applications",
volume = "5",
number = "3",
pages = "369 - 375",
year = "1992",
note = "Special Issue: The World Congress on Expert System",
issn = "0957-4174",
doi = "https://doi.org/10.1016/0957-4174(92)90020-S",
url = "http://www.sciencedirect.com/science/article/pii/095741749290020S",
author = "Mikael Snaprud and Hermann Kaindl"
}
@article{DEBSKI2015139,
title = "Open-source Localization Device for Indoor Mobile Robots",
journal = "Procedia Computer Science",
volume = "76",
pages = "139 - 146",
year = "2015",
note = "2015 IEEE International Symposium on Robotics and Intelligent Sensors (IEEE IRIS2015)",
issn = "1877-0509",
doi = "https://doi.org/10.1016/j.procs.2015.12.327",
url = "http://www.sciencedirect.com/science/article/pii/S1877050915038284",
author = "Andrzej Debski and Wojciech Grajewski and Wojciech Zaborowski and Wojciech Turek",
keywords = "robot localization, indoor localization, localization device"
}
@article{LASSER199081,
title = "Training personnel in the Israeli Defence Forces computer community",
journal = "Education and Computing",
volume = "6",
number = "1",
pages = "81 - 89",
year = "1990",
note = "Proceedings of the IFIP TC 3/WG 3.4 Working Conference",
issn = "0167-9287",
doi = "https://doi.org/10.1016/S0167-9287(05)80052-4",
url = "http://www.sciencedirect.com/science/article/pii/S0167928705800524",
author = "Eran Lasser",
keywords = "Computer-aided software engineering (CASE), Training, Software engineering, Design, System analysis, Programming"
}
@article{RETTIG2017644,
title = "Dynamic Simulations supporting the Design Process of a real Combined Heat and Power Application in Switzerland",
journal = "Energy Procedia",
volume = "129",
pages = "644 - 651",
year = "2017",
note = "4th International Seminar on ORC Power SystemsSeptember 13-15th 2017POLITECNICO DI MILANOBOVISA CAMPUSMILANO, ITALY",
issn = "1876-6102",
doi = "https://doi.org/10.1016/j.egypro.2017.09.129",
url = "http://www.sciencedirect.com/science/article/pii/S1876610217339887",
author = "Adrian Rettig and Ulf Christian Müller and Lukas Gasser and Jonas Hurter",
keywords = "Organic Rankine Cycle, Dynamic simulation, Combined heat, power, Cogeneration, Modelica, Virtual commissioning"
}
@article{LANGEWISCH2015250,
title = "Prediction of film thickness, bubble velocity, and pressure drop for capillary slug flow using a CFD-generated database",
journal = "International Journal of Heat and Fluid Flow",
volume = "54",
pages = "250 - 257",
year = "2015",
issn = "0142-727X",
doi = "https://doi.org/10.1016/j.ijheatfluidflow.2015.06.005",
url = "http://www.sciencedirect.com/science/article/pii/S0142727X15000703",
author = "D.R. Langewisch and J. Buongiorno",
keywords = "Slug flow, Bretherton, CFD"
}
@article{MOLNAR1991439,
title = "Application of AI in software and information engineering",
journal = "Engineering Applications of Artificial Intelligence",
volume = "4",
number = "6",
pages = "439 - 443",
year = "1991",
issn = "0952-1976",
doi = "https://doi.org/10.1016/0952-1976(91)90033-3",
url = "http://www.sciencedirect.com/science/article/pii/0952197691900333",
author = "Bálint Molnár and József Frigó",
keywords = "Knowledge-based management systems, software and information engineering, data dictionary, repository, application of AI techniques"
}
@article{DABKOWSKI20151,
title = "Simultaneous-direct blockmodeling for multiple relations in Pajek",
journal = "Social Networks",
volume = "40",
pages = "1 - 16",
year = "2015",
issn = "0378-8733",
doi = "https://doi.org/10.1016/j.socnet.2014.06.003",
url = "http://www.sciencedirect.com/science/article/pii/S0378873314000367",
author = "Matthew Dabkowski and Ronald Breiger and Ferenc Szidarovszky",
keywords = "Blockmodeling, Multiple relations, Social position, Pajek"
}
@article{SEPPANEN2002155,
title = "Evolution of competence in software subcontracting projects",
journal = "International Journal of Project Management",
volume = "20",
number = "2",
pages = "155 - 164",
year = "2002",
issn = "0263-7863",
doi = "https://doi.org/10.1016/S0263-7863(00)00043-0",
url = "http://www.sciencedirect.com/science/article/pii/S0263786300000430",
author = "Veikko Seppänen",
keywords = "Core competence, Industrial relationships, Software subcontracting"
}