@article{MEEK201676,
title = "A BPMN solution for chaining OGC services to quality assure location-based crowdsourced data",
journal = "Computers & Geosciences",
volume = "87",
pages = "76 - 83",
year = "2016",
issn = "0098-3004",
doi = "https://doi.org/10.1016/j.cageo.2015.12.003",
url = "http://www.sciencedirect.com/science/article/pii/S0098300415300923",
author = "Sam Meek and Mike Jackson and Didier G Leibovici",
keywords = "Interoperability, Web processing service, Quality assurance, Crowdsourcing, Citizen science"
}
@article{RIGOLE2007276,
title = "Task-driven automated component deployment for ambient intelligence environments",
journal = "Pervasive and Mobile Computing",
volume = "3",
number = "3",
pages = "276 - 299",
year = "2007",
issn = "1574-1192",
doi = "https://doi.org/10.1016/j.pmcj.2007.01.001",
url = "http://www.sciencedirect.com/science/article/pii/S1574119207000041",
author = "Peter Rigole and Tim Clerckx and Yolande Berbers and Karin Coninx",
keywords = "Task models, Component-based software engineering, Component deployment"
}
@article{PYKALAINEN2009165,
title = "Alleviating piracy through open source strategy: An exploratory study of business software firms in China",
journal = "The Journal of Strategic Information Systems",
volume = "18",
number = "4",
pages = "165 - 177",
year = "2009",
issn = "0963-8687",
doi = "https://doi.org/10.1016/j.jsis.2009.10.001",
url = "http://www.sciencedirect.com/science/article/pii/S0963868709000420",
author = "T. Pykäläinen and D. Yang and T. Fang",
keywords = "Anti-piracy strategy, China, Intellectual property, Open source strategy, Software, Strategic management of IT"
}
@article{LI2013777,
title = "Application of knowledge-based approaches in software architecture: A systematic mapping study",
journal = "Information and Software Technology",
volume = "55",
number = "5",
pages = "777 - 794",
year = "2013",
issn = "0950-5849",
doi = "https://doi.org/10.1016/j.infsof.2012.11.005",
url = "http://www.sciencedirect.com/science/article/pii/S0950584912002315",
author = "Zengyang Li and Peng Liang and Paris Avgeriou",
keywords = "Software architecture, Architecting activity, Knowledge-based approach, Systematic mapping study"
}
@article{BONISSONE1992321,
title = "Fuzzy Logic Controllers: a Knowledge Based System View",
journal = "IFAC Proceedings Volumes",
volume = "25",
number = "28",
pages = "321 - 326",
year = "1992",
note = "IFAC Workshop on Intelligent Manufacturing Systems (IMS'92), Dearborn, MI, USA, 1-2 October 1992",
issn = "1474-6670",
doi = "https://doi.org/10.1016/S1474-6670(17)49518-8",
url = "http://www.sciencedirect.com/science/article/pii/S1474667017495188",
author = "Piero P. Bonissone and Kenneth H. Chiang",
keywords = "Fuzzy control, fuzzy systems, fuzzy set theory, nonlinear control systems, artificial intelligence, software engineering"
}
@article{FERREIRA201281,
title = "Advancing the Development of Systems Engineers Using Process Simulators",
journal = "Procedia Computer Science",
volume = "8",
pages = "81 - 86",
year = "2012",
note = "Conference on Systems Engineering Research",
issn = "1877-0509",
doi = "https://doi.org/10.1016/j.procs.2012.01.017",
url = "http://www.sciencedirect.com/science/article/pii/S187705091200018X",
author = "Susan Ferreira and Misagh Faezipour",
keywords = "Systems Engineering Simulator, System Dynamics, Systems Thinking, Systems Engineering Education"
}
@article{DOMENACH2016113,
title = "DASACT: A decision aiding software for axiomatic consensus theory",
journal = "Mathematical Biosciences",
volume = "271",
pages = "113 - 117",
year = "2016",
issn = "0025-5564",
doi = "https://doi.org/10.1016/j.mbs.2015.11.001",
url = "http://www.sciencedirect.com/science/article/pii/S0025556415002242",
author = "Florent Domenach and Ali Tayari",
keywords = "Consensus theory, Knowledge representation, Decision aiding, Formal Concept Analysis"
}
@article{LU2016101,
title = "Study on the motion control of snake-like robots on land and in water",
journal = "Perspectives in Science",
volume = "7",
pages = "101 - 108",
year = "2016",
note = "1st Czech-China Scientific Conference 2015",
issn = "2213-0209",
doi = "https://doi.org/10.1016/j.pisc.2015.11.017",
url = "http://www.sciencedirect.com/science/article/pii/S2213020915000622",
author = "Zhenli Lu and Dayu Feng and Yafei Xie and Huigang Xu and Limin Mao and Changkao Shan and Bin Li and Petr Bilik and Jan Zidek and Radek Martinek and Zdenek Rykala",
keywords = "Snake-like robot, Motion control, Serpentince locomotion, Swimming motion"
}
@article{MUHAMMAD201714,
title = "Visualizing trace of Java collection APIs by dynamic bytecode instrumentation",
journal = "Journal of Visual Languages & Computing",
volume = "43",
pages = "14 - 29",
year = "2017",
issn = "1045-926X",
doi = "https://doi.org/10.1016/j.jvlc.2017.04.006",
url = "http://www.sciencedirect.com/science/article/pii/S1045926X17300770",
author = "Tufail Muhammad and Zahid Halim and Majid Ali Khan",
keywords = "Software visualization tool, Program comprehension, Treemap, Java API usage, Dynamic analysis"
}
@article{PIRA20161185,
title = "EMCDM: Efficient model checking by data mining for verification of complex software systems specified through architectural styles",
journal = "Applied Soft Computing",
volume = "49",
pages = "1185 - 1201",
year = "2016",
issn = "1568-4946",
doi = "https://doi.org/10.1016/j.asoc.2016.06.039",
url = "http://www.sciencedirect.com/science/article/pii/S1568494616303192",
author = "Einollah Pira and Vahid Rafe and Amin Nikanjam",
keywords = "Architectural styles, Model checking, State space explosion, Graph transformation system, Data mining"
}
@article{THOMSON200185,
title = "Ethics in computer software design and development",
journal = "Computers and Electronics in Agriculture",
volume = "30",
number = "1",
pages = "85 - 102",
year = "2001",
issn = "0168-1699",
doi = "https://doi.org/10.1016/S0168-1699(00)00158-7",
url = "http://www.sciencedirect.com/science/article/pii/S0168169900001587",
author = "Alan J Thomson and Daniel L Schmoldt",
keywords = "Ethics, Software design and development, Traditional ecological knowledge, Indigenous knowledge, Intellectual property, Information ecologies"
}
@article{CHANG201771,
title = "Enabling PoCL-based runtime frameworks on the HSA for OpenCL 2.0 support",
journal = "Journal of Systems Architecture",
volume = "81",
pages = "71 - 82",
year = "2017",
issn = "1383-7621",
doi = "https://doi.org/10.1016/j.sysarc.2017.10.004",
url = "http://www.sciencedirect.com/science/article/pii/S1383762117301121",
author = "Yuan-Ming Chang and Shao-Chung Wang and Chun-Chieh Yang and Yuan-Shin Hwang and Jenq-Kuen Lee",
keywords = "HSA, OpenCL, Runtime, PoCL"
}
@article{LEVREL2017574,
title = "How to overcome the implementation gap in ecosystem services? A user-friendly and inclusive tool for improved urban management",
journal = "Land Use Policy",
volume = "68",
pages = "574 - 584",
year = "2017",
issn = "0264-8377",
doi = "https://doi.org/10.1016/j.landusepol.2017.07.037",
url = "http://www.sciencedirect.com/science/article/pii/S0264837716307633",
author = "Harold Levrel and Pedro Cabral and Clément Feger and Mélodie Chambolle and Damien Basque",
keywords = "Ecosystem services, Implementation gap, Urban ecosystem, Geographical information systems, Spatial planning, Land use and cover change, Open data, Natural Capital Project"
}
@article{KUMAR20168,
title = "The Impacts of Test Automation on Software's Cost, Quality and Time to Market",
journal = "Procedia Computer Science",
volume = "79",
pages = "8 - 15",
year = "2016",
note = "Proceedings of International Conference on Communication, Computing and Virtualization (ICCCV) 2016",
issn = "1877-0509",
doi = "https://doi.org/10.1016/j.procs.2016.03.003",
url = "http://www.sciencedirect.com/science/article/pii/S1877050916001277",
author = "Divya Kumar and K.K. Mishra",
keywords = "Test Automation, Software Development Cost, Quality Factors, Software's Time to Market, Return on Investment"
}
@article{ARFARABAI20114993,
title = "A quantitative model for software engineering trends",
journal = "Information Sciences",
volume = "181",
number = "22",
pages = "4993 - 5009",
year = "2011",
issn = "0020-0255",
doi = "https://doi.org/10.1016/j.ins.2011.07.004",
url = "http://www.sciencedirect.com/science/article/pii/S0020025511003355",
author = "Latifa Ben Arfa Rabai and Yan Zhi Bai and Ali Mili",
keywords = "Bottom up approach, Intrinsic factors, Extrinsic factors, Historical trends, Software technology trends, Successful trends"
}
@article{CASSINO20151,
title = "Empirical validation of an automatic usability evaluation method",
journal = "Journal of Visual Languages & Computing",
volume = "28",
pages = "1 - 22",
year = "2015",
issn = "1045-926X",
doi = "https://doi.org/10.1016/j.jvlc.2014.12.002",
url = "http://www.sciencedirect.com/science/article/pii/S1045926X14001578",
author = "Rosanna Cassino and Maurizio Tucci and Giuliana Vitiello and Rita Francese",
keywords = "Interactive systems evaluation, Usability engineering, Summative usability evaluation"
}
@article{KABANZA200679,
title = "Implementing tutoring strategies into a patient simulator for clinical reasoning learning",
journal = "Artificial Intelligence in Medicine",
volume = "38",
number = "1",
pages = "79 - 96",
year = "2006",
note = "Intelligent Medical Training Systems",
issn = "0933-3657",
doi = "https://doi.org/10.1016/j.artmed.2006.01.003",
url = "http://www.sciencedirect.com/science/article/pii/S0933365706000194",
author = "Froduald Kabanza and Guy Bisson and Annabelle Charneau and Taek-Sueng Jang",
keywords = "Intelligent tutoring systems, Clinical reasoning learning, Patient simulation"
}
@article{LAMBERTS2018194,
title = "Numerical and experimental evidence of the Fabri-choking in a supersonic ejector",
journal = "International Journal of Heat and Fluid Flow",
volume = "69",
pages = "194 - 209",
year = "2018",
issn = "0142-727X",
doi = "https://doi.org/10.1016/j.ijheatfluidflow.2018.01.002",
url = "http://www.sciencedirect.com/science/article/pii/S0142727X1730752X",
author = "Olivier Lamberts and Philippe Chatelain and Yann Bartosiewicz",
keywords = "Supersonic ejector, Fabri-choking, Turbulent mixing, Shock wave pattern"
}
@article{SUTCLIFFE19896,
title = "Task analysis, systems analysis and design: symbiosis or synthesis?",
journal = "Interacting with Computers",
volume = "1",
number = "1",
pages = "6 - 12",
year = "1989",
issn = "0953-5438",
doi = "https://doi.org/10.1016/0953-5438(89)90003-9",
url = "http://www.sciencedirect.com/science/article/pii/0953543889900039",
author = "Alistair Sutcliffe",
keywords = "task analysis, structured design, integrated methods, organisation analysis, cognitive analysis"
}
@article{FRISBY2010543,
title = "Constructing language processors with algebra combinators",
journal = "Science of Computer Programming",
volume = "75",
number = "7",
pages = "543 - 572",
year = "2010",
note = "Generative Programming and Component Engineering (GPCE 2007)",
issn = "0167-6423",
doi = "https://doi.org/10.1016/j.scico.2009.12.007",
url = "http://www.sciencedirect.com/science/article/pii/S0167642309001749",
author = "Nicolas Frisby and Garrin Kimmell and Philip Weaver and Perry Alexander",
keywords = "Generic programming, Modular semantics"
}
@article{PANG2017280,
title = "Anomaly detection based on uncertainty fusion for univariate monitoring series",
journal = "Measurement",
volume = "95",
pages = "280 - 292",
year = "2017",
issn = "0263-2241",
doi = "https://doi.org/10.1016/j.measurement.2016.10.031",
url = "http://www.sciencedirect.com/science/article/pii/S0263224116305802",
author = "Jingyue Pang and Datong Liu and Yu Peng and Xiyuan Peng",
keywords = "Anomaly detection, Monitoring data series, Gaussian Process Regression, Model uncertainty, -Fold cross validation"
}
@article{SAVIDIS200671,
title = "Inclusive development: Software engineering requirements for universally accessible interactions",
journal = "Interacting with Computers",
volume = "18",
number = "1",
pages = "71 - 116",
year = "2006",
note = "Special Theme Papers from Special Editorial Board Members (Contains Regular Papers)",
issn = "0953-5438",
doi = "https://doi.org/10.1016/j.intcom.2005.06.005",
url = "http://www.sciencedirect.com/science/article/pii/S0953543805000597",
author = "Anthony Savidis and Constantine Stephanidis"
}
@incollection{SHIMADA2002793,
title = "Operation decision support system using plant design information",
editor = "Johan Grievink and Jan van Schijndel",
series = "Computer Aided Chemical Engineering",
publisher = "Elsevier",
volume = "10",
pages = "793 - 798",
year = "2002",
booktitle = "European Symposium on Computer Aided Process Engineering-12",
issn = "1570-7946",
doi = "https://doi.org/10.1016/S1570-7946(02)80160-2",
url = "http://www.sciencedirect.com/science/article/pii/S1570794602801602",
author = "Yukiyasu Shimada and Hossam A. Gabbar and Kazuhiko Suzuki"
}
@article{AKMAN1990352,
title = "A fundamental and theoretical framework for an intelligent CAD system",
journal = "Computer-Aided Design",
volume = "22",
number = "6",
pages = "352 - 367",
year = "1990",
issn = "0010-4485",
doi = "https://doi.org/10.1016/0010-4485(90)90086-R",
url = "http://www.sciencedirect.com/science/article/pii/001044859090086R",
author = "V. Akman and P.J.W. ten Hagen and T. Tomiyama",
keywords = "intelligent CAD, design theory, logic, knowledge representation, naive physics, commonsense reasoning, object-oriented programming, logic programming"
}
@article{BIEBOW1994343,
title = "Acquisition and validation of software requirements",
journal = "Knowledge Acquisition",
volume = "6",
number = "4",
pages = "343 - 367",
year = "1994",
issn = "1042-8143",
doi = "https://doi.org/10.1006/knac.1994.1017",
url = "http://www.sciencedirect.com/science/article/pii/S104281438471017X",
author = "Brigitte Biébow and Sylvie Szulman"
}
@article{KARHU2009663,
title = "Investigating the relationship between schedules and knowledge transfer in software testing",
journal = "Information and Software Technology",
volume = "51",
number = "3",
pages = "663 - 677",
year = "2009",
issn = "0950-5849",
doi = "https://doi.org/10.1016/j.infsof.2008.09.001",
url = "http://www.sciencedirect.com/science/article/pii/S0950584908001249",
author = "Katja Karhu and Ossi Taipale and Kari Smolander",
keywords = "Software testing, Schedule over-runs, Knowledge transfer, Survey, Case study"
}
@article{WU2017,
title = "Energy-efficient hadoop for big data analytics and computing: A systematic review and research insights",
journal = "Future Generation Computer Systems",
year = "2017",
issn = "0167-739X",
doi = "https://doi.org/10.1016/j.future.2017.11.010",
url = "http://www.sciencedirect.com/science/article/pii/S0167739X17318174",
author = "WenTai Wu and WeiWei Lin and Ching-Hsien Hsu and LiGang He",
keywords = "Energy efficiency, Hadoop, MapReduce, Data centers, Big data analytics"
}
@article{RYAN2016227,
title = "Encoding of low-quality DNA profiles as genotype probability matrices for improved profile comparisons, relatedness evaluation and database searches",
journal = "Forensic Science International: Genetics",
volume = "25",
pages = "227 - 239",
year = "2016",
issn = "1872-4973",
doi = "https://doi.org/10.1016/j.fsigen.2016.09.004",
url = "http://www.sciencedirect.com/science/article/pii/S1872497316301673",
author = "K. Ryan and D. Gareth Williams and David J. Balding",
keywords = "DNA profile, Low-template, Likelihood ratio, Identification, Relatedness, Weight of evidence, Software, Deconvolution, Genotype probability matrix"
}
@article{KEET2012482,
title = "Transforming semi-structured life science diagrams into meaningful domain ontologies with DiDOn",
journal = "Journal of Biomedical Informatics",
volume = "45",
number = "3",
pages = "482 - 494",
year = "2012",
issn = "1532-0464",
doi = "https://doi.org/10.1016/j.jbi.2012.01.004",
url = "http://www.sciencedirect.com/science/article/pii/S1532046412000056",
author = "C. Maria Keet",
keywords = "Ontology development, OWL, Bio-ontology, Diagram, Pathway, BFO"
}
@incollection{KRISHNAMURTHY2006165,
title = "8 - Bounty Programs in Free/Libre/Open Source Software",
editor = "Jürgen Bitzer and Philipp J.H. Schröder",
booktitle = "The Economics of Open Source Software Development",
publisher = "Elsevier",
address = "Amsterdam",
pages = "165 - 183",
year = "2006",
isbn = "978-0-444-52769-1",
doi = "https://doi.org/10.1016/B978-044452769-1/50008-1",
url = "http://www.sciencedirect.com/science/article/pii/B9780444527691500081",
author = "Sandeep Krishnamurthy and Arvind K. Tripathi"
}
@article{SCHULTEMECKLENBECK20111771,
title = "Flashlight – Recording information acquisition online",
journal = "Computers in Human Behavior",
volume = "27",
number = "5",
pages = "1771 - 1782",
year = "2011",
note = "2009 Fifth International Conference on Intelligent Computing",
issn = "0747-5632",
doi = "https://doi.org/10.1016/j.chb.2011.03.004",
url = "http://www.sciencedirect.com/science/article/pii/S0747563211000628",
author = "Michael Schulte-Mecklenbeck and Ryan O. Murphy and Florian Hutzler",
keywords = "Process tracing, Information acquisition, Online research, Decision making, Open source"
}
@article{CAMPBELL1986285,
title = "Knowledge-based computing systems and software engineering",
journal = "Computer Physics Communications",
volume = "41",
number = "2",
pages = "285 - 290",
year = "1986",
issn = "0010-4655",
doi = "https://doi.org/10.1016/0010-4655(86)90071-8",
url = "http://www.sciencedirect.com/science/article/pii/0010465586900718",
author = "J.A. Campbell"
}
@article{YUEN201110292,
title = "A fuzzy group analytical hierarchy process approach for software quality assurance management: Fuzzy logarithmic least squares method",
journal = "Expert Systems with Applications",
volume = "38",
number = "8",
pages = "10292 - 10302",
year = "2011",
issn = "0957-4174",
doi = "https://doi.org/10.1016/j.eswa.2011.02.057",
url = "http://www.sciencedirect.com/science/article/pii/S0957417411002636",
author = "Kevin Kam Fung Yuen and Henry C.W. Lau",
keywords = "Fuzzy group analytical hierarchy process (AHP), Decision analysis, Software quality assurance, Software engineering, Software project evaluation"
}
@article{FECTEAU199011,
title = "Information Engineering and Case: Planning for the Human and Organizational Impact in a Major Systems Development Effort",
journal = "IFAC Proceedings Volumes",
volume = "23",
number = "5",
pages = "11 - 14",
year = "1990",
note = "3rd IFAC/IFIP Workshop on Experience with the Management of Software Projects 1989, Indiana, USA, 30 October - 1 November",
issn = "1474-6670",
doi = "https://doi.org/10.1016/S1474-6670(17)52201-6",
url = "http://www.sciencedirect.com/science/article/pii/S1474667017522016",
author = "D.L. Fecteau",
keywords = "Computer-aided system design, computer applications, data modeling, human factors, information engineering, software development, software engineering, software tools, technology transfer"
}
@article{ROSPOCHER2016132,
title = "Building event-centric knowledge graphs from news",
journal = "Web Semantics: Science, Services and Agents on the World Wide Web",
volume = "37-38",
pages = "132 - 151",
year = "2016",
issn = "1570-8268",
doi = "https://doi.org/10.1016/j.websem.2015.12.004",
url = "http://www.sciencedirect.com/science/article/pii/S1570826815001456",
author = "Marco Rospocher and Marieke van Erp and Piek Vossen and Antske Fokkens and Itziar Aldabe and German Rigau and Aitor Soroa and Thomas Ploeger and Tessel Bogaard",
keywords = "Event-centric knowledge, Natural language processing, Event extraction, Information integration, Big data, Real world data"
}
@article{MERKEL20106516,
title = "COINS: An economic development tool for education, economic and workforce development in Open Source Economic Development",
journal = "Procedia - Social and Behavioral Sciences",
volume = "2",
number = "4",
pages = "6516 - 6531",
year = "2010",
note = "The 1st Collaborative Innovation Networks Conference - COINs2009",
issn = "1877-0428",
doi = "https://doi.org/10.1016/j.sbspro.2010.04.061",
url = "http://www.sciencedirect.com/science/article/pii/S1877042810011195",
author = "Betsey Merkel",
keywords = "Open Source Economic Development, networks, innovation, creativity, enterprise, community, collaboration, education, leadership, knowledge creation, Futuring, Question Science"
}
@article{ABDULJALIL2017113,
title = "A Comparative Study to Evaluate Filtering Methods for Crime Data Feature Selection",
journal = "Procedia Computer Science",
volume = "116",
pages = "113 - 120",
year = "2017",
note = "Discovery and innovation of computer science technology in artificial intelligence era: The 2nd International Conference on Computer Science and Computational Intelligence (ICCSCI 2017)",
issn = "1877-0509",
doi = "https://doi.org/10.1016/j.procs.2017.10.018",
url = "http://www.sciencedirect.com/science/article/pii/S1877050917320550",
author = "Masita @ Masila Abdul Jalil and Fatihah Mohd and Noor Maizura Mohamad Noor",
keywords = "Correlation, crime prevention, feature selection, filter method"
}
@article{HOLT19967141,
title = "Case Study: Software Engineering for a Real-Time Industrial Inspection Workbench",
journal = "IFAC Proceedings Volumes",
volume = "29",
number = "1",
pages = "7141 - 7146",
year = "1996",
note = "13th World Congress of IFAC, 1996, San Francisco USA, 30 June - 5 July",
issn = "1474-6670",
doi = "https://doi.org/10.1016/S1474-6670(17)58833-3",
url = "http://www.sciencedirect.com/science/article/pii/S1474667017588333",
author = "J.D. Holt and J. Stocks and A.D.H. Thomas and M.G. Rodd and C.P. Jobling and F. Deravi",
keywords = "Software Engineering, Real-time Software Engineering, Software Quality, Object-oriented modelling, Knowledge-bases, OMT"
}
@article{CUENA2000385,
title = "The role of knowledge modelling techniques in software development: a general approach based on a knowledge management tool",
journal = "International Journal of Human-Computer Studies",
volume = "52",
number = "3",
pages = "385 - 421",
year = "2000",
issn = "1071-5819",
doi = "https://doi.org/10.1006/ijhc.1999.0232",
url = "http://www.sciencedirect.com/science/article/pii/S107158199990232X",
author = "J. CUENA and M. MOLINA"
}
@article{BELMONTE20081351,
title = "Ontologies and agents for a bus fleet management system",
journal = "Expert Systems with Applications",
volume = "34",
number = "2",
pages = "1351 - 1365",
year = "2008",
issn = "0957-4174",
doi = "https://doi.org/10.1016/j.eswa.2007.01.003",
url = "http://www.sciencedirect.com/science/article/pii/S0957417407000139",
author = "M.V. Belmonte and J.L. Pérez-de-la-Cruz and F. Triguero",
keywords = "Bus fleet management, Decision support, Multi-agent, Ontology"
}
@article{YAN20171,
title = "Automated change-prone class prediction on unlabeled dataset using unsupervised method",
journal = "Information and Software Technology",
volume = "92",
pages = "1 - 16",
year = "2017",
issn = "0950-5849",
doi = "https://doi.org/10.1016/j.infsof.2017.07.003",
url = "http://www.sciencedirect.com/science/article/pii/S095058491630163X",
author = "Meng Yan and Xiaohong Zhang and Chao Liu and Ling Xu and Mengning Yang and Dan Yang",
keywords = "Software maintenance, Change-prone prediction, Unlabeled dataset, Unsupervised prediction"
}
@article{WANG2012977,
title = "Human agency, social networks, and FOSS project success",
journal = "Journal of Business Research",
volume = "65",
number = "7",
pages = "977 - 984",
year = "2012",
issn = "0148-2963",
doi = "https://doi.org/10.1016/j.jbusres.2011.04.014",
url = "http://www.sciencedirect.com/science/article/pii/S0148296311001317",
author = "Jing Wang and Michael Y. Hu and Murali Shanker",
keywords = "Free open source software, Project success, Social networks, Human agency"
}
@article{DIPASQUALE2013383,
title = "Open Source Interactive Map of Albania Cultural Heritage",
journal = "IERI Procedia",
volume = "4",
pages = "383 - 390",
year = "2013",
note = "2013 International Conference on Electronic Engineering and Computer Science (EECS 2013)",
issn = "2212-6678",
doi = "https://doi.org/10.1016/j.ieri.2013.11.055",
url = "http://www.sciencedirect.com/science/article/pii/S2212667813000580",
author = "Davide Di Pasquale and Antonella Lerario and Nicola Maiellaro and Paolo L. Scala",
keywords = "Authoring System, Interactive Maps, Virtual Tours"
}
@article{MULLERBURG1993120,
title = "The METKIT CAI system",
journal = "Information and Software Technology",
volume = "35",
number = "2",
pages = "120 - 126",
year = "1993",
issn = "0950-5849",
doi = "https://doi.org/10.1016/S0950-5849(05)80009-6",
url = "http://www.sciencedirect.com/science/article/pii/S0950584905800096",
author = "M Müllerburg and D Meyerhoff",
keywords = "software engineering measurement, quality assurance, computer aided instruction, hypertext"
}
@article{SHAN1995371,
title = "Artificial Intelligence Embedded Object-Oriented Methodology for Model Based Decision Support",
journal = "IFAC Proceedings Volumes",
volume = "28",
number = "7",
pages = "371 - 379",
year = "1995",
note = "IFAC/IFIP/IFORS/SEDC Symposium on Modelling and Control of National and Regional Economies 1995, Gold Coast, Queensland, Australia, 2-5 July 1995",
issn = "1474-6670",
doi = "https://doi.org/10.1016/S1474-6670(17)47135-7",
url = "http://www.sciencedirect.com/science/article/pii/S1474667017471357",
author = "Feng Shan and Tian Yuan and Li Tong and Cai Jun",
keywords = "Artificial intelligence AI, Object-oriented methodology OOM, Knowledge-based systems KBS, Intelligently cooperative systems, Neural nets NNs, Case Based Reasoning CBR, Behavioral Science, Advanced Automation"
}
@article{YANG20161298,
title = "Experience of Verification and Calibration Mathematical Model of Flood Routing by the Reservoir",
journal = "Procedia Engineering",
volume = "154",
pages = "1298 - 1305",
year = "2016",
note = "12th International Conference on Hydroinformatics (HIC 2016) - Smart Water for the Future",
issn = "1877-7058",
doi = "https://doi.org/10.1016/j.proeng.2016.07.467",
url = "http://www.sciencedirect.com/science/article/pii/S1877705816318562",
author = "Chen Yang and Nan Feng and A.V. Glotko",
keywords = "reservoir, digital elevation model, mathematical model, calibration."
}
@incollection{WATTERS201621,
title = "Chapter 2 - Named Entity Resolution in Social Media",
editor = "Robert Layton and Paul A. Watters",
booktitle = "Automating Open Source Intelligence",
publisher = "Syngress",
address = "Boston",
pages = "21 - 36",
year = "2016",
isbn = "978-0-12-802916-9",
doi = "https://doi.org/10.1016/B978-0-12-802916-9.00002-6",
url = "http://www.sciencedirect.com/science/article/pii/B9780128029169000026",
author = "Paul A. Watters",
keywords = "semantics, errors, lexical processing, polysemy, computational models"
}
@article{MUZAFFAR201092,
title = "Software development effort prediction: A study on the factors impacting the accuracy of fuzzy logic systems",
journal = "Information and Software Technology",
volume = "52",
number = "1",
pages = "92 - 109",
year = "2010",
issn = "0950-5849",
doi = "https://doi.org/10.1016/j.infsof.2009.08.001",
url = "http://www.sciencedirect.com/science/article/pii/S0950584909001244",
author = "Zeeshan Muzaffar and Moataz A. Ahmed",
keywords = "Effort prediction, Fuzzy logic, COCOMO, Imprecision, Uncertainty"
}
@article{NEIVA2016137,
title = "Towards pragmatic interoperability to support collaboration: A systematic review and mapping of the literature",
journal = "Information and Software Technology",
volume = "72",
pages = "137 - 150",
year = "2016",
issn = "0950-5849",
doi = "https://doi.org/10.1016/j.infsof.2015.12.013",
url = "http://www.sciencedirect.com/science/article/pii/S0950584916000021",
author = "Frâncila Weidt Neiva and José Maria N. David and Regina Braga and Fernanda Campos",
keywords = "Pragmatic interoperability, Collaboration, Collaborative systems, Groupware, Interoperability"
}
@article{PFISTER201111967,
title = "A Design Pattern meta model for Systems Engineering",
journal = "IFAC Proceedings Volumes",
volume = "44",
number = "1",
pages = "11967 - 11972",
year = "2011",
note = "18th IFAC World Congress",
issn = "1474-6670",
doi = "https://doi.org/10.3182/20110828-6-IT-1002.03005",
url = "http://www.sciencedirect.com/science/article/pii/S1474667016455394",
author = "François Pfister and Vincent Chapurlat and Marianne Huchard and Clémentine Nebut",
keywords = "design-pattern, systems engineering, model alignment, model driven engineering"
}
@article{BOOK20161089,
title = "Neuroimaging data sharing on the neuroinformatics database platform",
journal = "NeuroImage",
volume = "124",
pages = "1089 - 1092",
year = "2016",
note = "Sharing the wealth: Brain Imaging Repositories in 2015",
issn = "1053-8119",
doi = "https://doi.org/10.1016/j.neuroimage.2015.04.022",
url = "http://www.sciencedirect.com/science/article/pii/S1053811915003122",
author = "Gregory A. Book and Michael C. Stevens and Michal Assaf and David C. Glahn and Godfrey D. Pearlson"
}
@article{PLANT1994259,
title = "An integrated methodology for knowledge-based system development",
journal = "Expert Systems with Applications",
volume = "7",
number = "2",
pages = "259 - 271",
year = "1994",
issn = "0957-4174",
doi = "https://doi.org/10.1016/0957-4174(94)90042-6",
url = "http://www.sciencedirect.com/science/article/pii/0957417494900426",
author = "Robert T. Plant and Panagiotis Tsoumpas"
}
@article{BERTOLOTTI20131063,
title = "The REFLECT project and the implementation of a seat adaptation system in an automotive environment",
journal = "Microprocessors and Microsystems",
volume = "37",
number = "8, Part C",
pages = "1063 - 1072",
year = "2013",
note = "Special Issue on European Projects in Embedded System Design: EPESD2012",
issn = "0141-9331",
doi = "https://doi.org/10.1016/j.micpro.2013.06.004",
url = "http://www.sciencedirect.com/science/article/pii/S0141933113000884",
author = "Gian Mario Bertolotti and Andrea Cristiani and Nikola Šerbedžija",
keywords = "Embedded systems, Automotive, Pervasive adaptive systems, Postural comfort"
}
@article{GLASS1992183,
title = "Software tasks: Intellectual or clerical?",
journal = "Information & Management",
volume = "23",
number = "4",
pages = "183 - 191",
year = "1992",
issn = "0378-7206",
doi = "https://doi.org/10.1016/0378-7206(92)90043-F",
url = "http://www.sciencedirect.com/science/article/pii/037872069290043F",
author = "Robert L Glass and Iris Vessey and Sue A Conger",
keywords = "Software development, Software complexity, Management of software development, Information systems, Information requirements analysis, Structured analysis, Software tasks"
}
@article{BEDOLLA2017175,
title = "A Novel Approach for Teaching IT Tools within Learning Factories",
journal = "Procedia Manufacturing",
volume = "9",
pages = "175 - 181",
year = "2017",
note = "7th Conference on Learning Factories, CLF 2017",
issn = "2351-9789",
doi = "https://doi.org/10.1016/j.promfg.2017.04.049",
url = "http://www.sciencedirect.com/science/article/pii/S2351978917301671",
author = "Joel Sauza Bedolla and Gianluca D’Antonio and Paolo Chiabert",
keywords = "Industry 4.0, CPS, IT tools, PLM, ERP"
}
@article{SINHA2015265,
title = "Development of a Java Library for Protein Stability and Disorder Computations",
journal = "Procedia Computer Science",
volume = "70",
pages = "265 - 273",
year = "2015",
note = "Proceedings of the 4th International Conference on Eco-friendly Computing and Communication Systems",
issn = "1877-0509",
doi = "https://doi.org/10.1016/j.procs.2015.10.086",
url = "http://www.sciencedirect.com/science/article/pii/S1877050915032500",
author = "Subrata Sinha and Bishwajit Bora and G.C. Hazarika",
keywords = "Structural Stability, Disorder region, disorder clusters, Active Site Prediction Structural Bioinformatics"
}
@incollection{LOVE20051,
title = "1 - Introduction to mobile human-computer interaction",
editor = "Steve Love",
booktitle = "Understanding Mobile Human-Computer Interaction",
publisher = "Butterworth-Heinemann",
address = "Oxford",
pages = "1 - 13",
year = "2005",
series = "Information Systems Series",
isbn = "978-0-7506-6352-6",
doi = "https://doi.org/10.1016/B978-075066352-6/50002-5",
url = "http://www.sciencedirect.com/science/article/pii/B9780750663526500025",
author = "Steve Love"
}
@article{KOSTAKIS2016,
title = "The convergence of digital commons with local manufacturing from a degrowth perspective: Two illustrative cases",
journal = "Journal of Cleaner Production",
year = "2016",
issn = "0959-6526",
doi = "https://doi.org/10.1016/j.jclepro.2016.09.077",
url = "http://www.sciencedirect.com/science/article/pii/S0959652616314184",
author = "Vasilis Kostakis and Kostas Latoufis and Minas Liarokapis and Michel Bauwens",
keywords = "Commons, Open source, Degrowth, Open hardware, Localization"
}
@article{STONE2016367,
title = "An inexpensive underwater mine countermeasures simulator with real-time 3D after action review",
journal = "Defence Technology",
volume = "12",
number = "5",
pages = "367 - 379",
year = "2016",
issn = "2214-9147",
doi = "https://doi.org/10.1016/j.dt.2016.06.001",
url = "http://www.sciencedirect.com/science/article/pii/S2214914716300654",
author = "Robert Stone and Timothy Snell and Neil Cooke",
keywords = "Simulation, Virtual reality, Diver training, Ordnance disposal, Mine clearance"
}
@article{ANISTRATOV2015546,
title = "Hardware-software Complex Prototyping for the Pulse Power Supply Control System of Tokamak T-15",
journal = "Procedia Computer Science",
volume = "66",
pages = "546 - 555",
year = "2015",
note = "4th International Young Scientist Conference on Computational Science",
issn = "1877-0509",
doi = "https://doi.org/10.1016/j.procs.2015.11.062",
url = "http://www.sciencedirect.com/science/article/pii/S1877050915034110",
author = "Pavel Anistratov and Yuriy Golobokov and Vadim Pavlov",
keywords = "real-time control, tokamak, power supply control, control system"
}
@article{ALAM20122318,
title = "Preserving knowledge in software projects",
journal = "Journal of Systems and Software",
volume = "85",
number = "10",
pages = "2318 - 2330",
year = "2012",
note = "Automated Software Evolution",
issn = "0164-1212",
doi = "https://doi.org/10.1016/j.jss.2012.03.028",
url = "http://www.sciencedirect.com/science/article/pii/S0164121212000787",
author = "Omar Alam and Bram Adams and Ahmed E. Hassan",
keywords = "Software maintenance, Documentation, Knowledge preservation, Empirical analysis, Mining software repositories"
}
@article{CALIK2018101,
title = "Numerical investigation of twin swirl application in diesel engine combustion",
journal = "Fuel",
volume = "224",
pages = "101 - 110",
year = "2018",
issn = "0016-2361",
doi = "https://doi.org/10.1016/j.fuel.2018.03.049",
url = "http://www.sciencedirect.com/science/article/pii/S0016236118304551",
author = "Alper Tolga Calik and Ozgur Oguz Taskiran and Rafig Mehdiyev",
keywords = "CFD, KIVA, Twin swirl, MR process, Diesel combustion"
}
@article{LEE20169,
title = "Enabling graph mining in RDF triplestores using SPARQL for holistic in-situ graph analysis",
journal = "Expert Systems with Applications",
volume = "48",
pages = "9 - 25",
year = "2016",
issn = "0957-4174",
doi = "https://doi.org/10.1016/j.eswa.2015.11.010",
url = "http://www.sciencedirect.com/science/article/pii/S0957417415007708",
author = "Sangkeun Lee and Sreenivas R. Sukumar and Seokyong Hong and Seung-Hwan Lim",
keywords = "Graph, Mining, Analysis, RDF, SPARQL, Triplestore, Semantic Web"
}
@article{VIDONI201539,
title = "An intelligent agent for ERP's data structure analysis based on ANSI/ISA-95 standard",
journal = "Computers in Industry",
volume = "73",
pages = "39 - 50",
year = "2015",
issn = "0166-3615",
doi = "https://doi.org/10.1016/j.compind.2015.07.011",
url = "http://www.sciencedirect.com/science/article/pii/S0166361515300294",
author = "Melina C. Vidoni and Aldo R. Vecchietti",
keywords = "ERP, Intelligent agent, Standard, ANSI/ISA-95, Manufacturing information"
}
@incollection{WALLS200649,
title = "2 - Design and Development",
editor = "Colin Walls",
booktitle = "Embedded Software",
publisher = "Newnes",
address = "Burlington",
pages = "49 - 90",
year = "2006",
isbn = "978-0-7506-7954-1",
doi = "https://doi.org/10.1016/B978-075067954-1/50004-2",
url = "http://www.sciencedirect.com/science/article/pii/B9780750679541500042",
author = "Colin Walls"
}
@article{JORGENSEN2003123,
title = "An effort prediction interval approach based on the empirical distribution of previous estimation accuracy",
journal = "Information and Software Technology",
volume = "45",
number = "3",
pages = "123 - 136",
year = "2003",
issn = "0950-5849",
doi = "https://doi.org/10.1016/S0950-5849(02)00188-X",
url = "http://www.sciencedirect.com/science/article/pii/S095058490200188X",
author = "M. Jørgensen and D.I.K. Sjøberg",
keywords = "Effort estimation, Estimation uncertainty, Prediction intervals, Human judgment"
}
@article{ZHAO2018354,
title = "Spectrum optimization via FFT-based conjugate gradient method for unimodular sequence design",
journal = "Signal Processing",
volume = "142",
pages = "354 - 365",
year = "2018",
issn = "0165-1684",
doi = "https://doi.org/10.1016/j.sigpro.2017.07.035",
url = "http://www.sciencedirect.com/science/article/pii/S0165168417302815",
author = "Dehua Zhao and Yinsheng Wei and Yongtan Liu",
keywords = "Unimodular sequence, Spectrum optimization, Integrated sidelobe level, Complementary set of sequences, Orthogonal set of sequences, Conjugate gradient method"
}
@article{VANKOTEN20061056,
title = "Bayesian statistical effort prediction models for data-centred 4GL software development",
journal = "Information and Software Technology",
volume = "48",
number = "11",
pages = "1056 - 1067",
year = "2006",
issn = "0950-5849",
doi = "https://doi.org/10.1016/j.infsof.2006.01.001",
url = "http://www.sciencedirect.com/science/article/pii/S0950584906000085",
author = "C. van Koten and A.R. Gray",
keywords = "Effort prediction, 4GL, Bayesian statistics, Regression, Software metrics"
}
@article{PETRE19997,
title = "Mental imagery in program design and visual programming",
journal = "International Journal of Human-Computer Studies",
volume = "51",
number = "1",
pages = "7 - 30",
year = "1999",
issn = "1071-5819",
doi = "https://doi.org/10.1006/ijhc.1999.0267",
url = "http://www.sciencedirect.com/science/article/pii/S1071581999902677",
author = "MARIAN PETRE and ALAN F. BLACKWELL"
}
@article{EBERT2008579,
title = "Effectively utilizing project, product and process knowledge",
journal = "Information and Software Technology",
volume = "50",
number = "6",
pages = "579 - 594",
year = "2008",
issn = "0950-5849",
doi = "https://doi.org/10.1016/j.infsof.2007.06.007",
url = "http://www.sciencedirect.com/science/article/pii/S095058490700064X",
author = "Christof Ebert and Jozef De Man",
keywords = "CMMI, KM, PLM, Process improvement, Project management"
}
@article{OCARROLL2017258,
title = "A comparison of acoustic and observed sediment classifications as predictor variables for modelling biotope distributions in Galway Bay, Ireland",
journal = "Estuarine, Coastal and Shelf Science",
volume = "197",
pages = "258 - 270",
year = "2017",
issn = "0272-7714",
doi = "https://doi.org/10.1016/j.ecss.2017.08.005",
url = "http://www.sciencedirect.com/science/article/pii/S0272771417301695",
author = "Jack P.J. O'Carroll and Robert Kennedy and Lei Ren and Stephen Nash and Michael Hartnett and Colin Brown"
}
@article{CHOI2018595,
title = "Development of an EEG-based workload measurement method in nuclear power plants",
journal = "Annals of Nuclear Energy",
volume = "111",
pages = "595 - 607",
year = "2018",
issn = "0306-4549",
doi = "https://doi.org/10.1016/j.anucene.2017.08.032",
url = "http://www.sciencedirect.com/science/article/pii/S0306454916306193",
author = "Moon Kyoung Choi and Seung Min Lee and Jun Su Ha and Poong Hyun Seong",
keywords = "Electroencephalogram (EEG), Mental workload, NASA task load index (NASA-TLX), Human performance, Operating support systems (OSS)"
}
@article{CALEFATO2018186,
title = "How to ask for technical help? Evidence-based guidelines for writing questions on Stack Overflow",
journal = "Information and Software Technology",
volume = "94",
pages = "186 - 207",
year = "2018",
issn = "0950-5849",
doi = "https://doi.org/10.1016/j.infsof.2017.10.009",
url = "http://www.sciencedirect.com/science/article/pii/S0950584917301167",
author = "Fabio Calefato and Filippo Lanubile and Nicole Novielli",
keywords = "Social software engineering, Crowdsourcing, Stack Overflow, Question answering, Sentiment analysis, Emotion mining"
}
@article{MICHON201711,
title = "Schlouder: A broker for IaaS clouds",
journal = "Future Generation Computer Systems",
volume = "69",
pages = "11 - 23",
year = "2017",
issn = "0167-739X",
doi = "https://doi.org/10.1016/j.future.2016.09.010",
url = "http://www.sciencedirect.com/science/article/pii/S0167739X16303077",
author = "Étienne Michon and Julien Gossa and Stéphane Genaud and Léo Unbekandt and Vincent Kherbache",
keywords = "IaaS, Cloud broker, Schlouder, Provisioning, Simulation"
}
@article{ROBILLARD2000219,
title = "Types of collaborative work in software engineering",
journal = "Journal of Systems and Software",
volume = "53",
number = "3",
pages = "219 - 224",
year = "2000",
issn = "0164-1212",
doi = "https://doi.org/10.1016/S0164-1212(00)00013-3",
url = "http://www.sciencedirect.com/science/article/pii/S0164121200000133",
author = "Pierre N Robillard and Martin P Robillard",
keywords = "Software project, Collaborative work, Team work, Measurements and software engineering"
}
@incollection{ROMBACH19951,
title = "Directions in Software Process Research",
editor = "Marvin Zelkowitz",
series = "Advances in Computers",
publisher = "Elsevier",
volume = "41",
pages = "1 - 63",
year = "1995",
issn = "0065-2458",
doi = "https://doi.org/10.1016/S0065-2458(08)60230-2",
url = "http://www.sciencedirect.com/science/article/pii/S0065245808602302",
author = "H. Dieter Rombach and Martin Verlage"
}
@incollection{BARSTOW1988641,
title = "Chapter 16 - Artificial Intelligence and Software Engineering",
editor = "Howard E. Shrobe and  the American Association for Artificial Intelligence",
booktitle = "Exploring Artificial Intelligence",
publisher = "Morgan Kaufmann",
pages = "641 - 670",
year = "1988",
isbn = "978-0-934613-67-5",
doi = "https://doi.org/10.1016/B978-0-934613-67-5.50020-4",
url = "http://www.sciencedirect.com/science/article/pii/B9780934613675500204",
author = "David Barstow"
}
@article{NOKHBEHFOGHAHAAYEE201482,
title = "Fuzzy decision support software for crisis management in gas transmission networks",
journal = "Applied Soft Computing",
volume = "18",
pages = "82 - 90",
year = "2014",
issn = "1568-4946",
doi = "https://doi.org/10.1016/j.asoc.2014.01.019",
url = "http://www.sciencedirect.com/science/article/pii/S1568494614000386",
author = "Hoda Nokhbeh Foghahaayee and Mohammad Bagher Menhaj and Hasan Montazer Torbati",
keywords = "Decision support system, Software development, Multicriteria decision making, Fuzzy decision making, Gas transmission network"
}
@article{FERREIRA20131177,
title = "RetriBlog: An architecture-centered framework for developing blog crawlers",
journal = "Expert Systems with Applications",
volume = "40",
number = "4",
pages = "1177 - 1195",
year = "2013",
issn = "0957-4174",
doi = "https://doi.org/10.1016/j.eswa.2012.08.020",
url = "http://www.sciencedirect.com/science/article/pii/S0957417412009815",
author = "Rafael Ferreira and Fred Freitas and Patrick Brito and Jean Melo and Rinaldo Lima and Evandro Costa",
keywords = "Social web, Blog crawler, Content extraction, Tag recommendation"
}
@article{CIRILO2012258,
title = "Automating the product derivation process of multi-agent systems product lines",
journal = "Journal of Systems and Software",
volume = "85",
number = "2",
pages = "258 - 276",
year = "2012",
note = "Special issue with selected papers from the 23rd Brazilian Symposium on Software Engineering",
issn = "0164-1212",
doi = "https://doi.org/10.1016/j.jss.2011.04.066",
url = "http://www.sciencedirect.com/science/article/pii/S0164121211001075",
author = "Elder Cirilo and Ingrid Nunes and Uirá Kulesza and Carlos Lucena",
keywords = "Multi-agent systems, Software product lines, Application engineering, Model-driven development, Product derivation tool"
}
@incollection{MAYHEW200541,
title = "3 Chapter - A Basic Framework",
editor = "Randolph G. Bias and Deborah J. Mayhew",
booktitle = "Cost-Justifying Usability (Second Edition)",
publisher = "Morgan Kaufmann",
edition = "Second Edition",
address = "San Francisco",
pages = "41 - 101",
year = "2005",
series = "Interactive Technologies",
isbn = "978-0-12-095811-5",
doi = "https://doi.org/10.1016/B978-012095811-5/50003-1",
url = "http://www.sciencedirect.com/science/article/pii/B9780120958115500031",
author = "Deborah J. Mayhew and Marilyn M. Tremaine"
}
@article{ROBLES201272,
title = "Towards an ontology-based retrieval of UML Class Diagrams",
journal = "Information and Software Technology",
volume = "54",
number = "1",
pages = "72 - 86",
year = "2012",
issn = "0950-5849",
doi = "https://doi.org/10.1016/j.infsof.2011.07.003",
url = "http://www.sciencedirect.com/science/article/pii/S0950584911001613",
author = "Karina Robles and Anabel Fraga and Jorge Morato and Juan Llorens",
keywords = "Information retrieval, Ontologies, Software Reuse, Software Engineering, UML Class Diagrams"
}
@article{BUDGEN2018234,
title = "The contribution that empirical studies performed in industry make to the findings of systematic reviews: A tertiary study",
journal = "Information and Software Technology",
volume = "94",
pages = "234 - 244",
year = "2018",
issn = "0950-5849",
doi = "https://doi.org/10.1016/j.infsof.2017.10.012",
url = "http://www.sciencedirect.com/science/article/pii/S0950584917303798",
author = "David Budgen and Pearl Brereton and Nikki Williams and Sarah Drummond",
keywords = "Systematic review, Primary study, Industry study, Case study"
}
@article{YU201534,
title = "The roots of executive information system development risks",
journal = "Information and Software Technology",
volume = "68",
pages = "34 - 44",
year = "2015",
issn = "0950-5849",
doi = "https://doi.org/10.1016/j.infsof.2015.08.001",
url = "http://www.sciencedirect.com/science/article/pii/S0950584915001354",
author = "Chia-Ping Yu and Houn-Gee Chen and Gary Klein and Randi Jiang",
keywords = "Executive information systems, Project management, Software development, Risk, Socio-technical model"
}
@article{KILIAS2015124,
title = "INDREX: In-database relation extraction",
journal = "Information Systems",
volume = "53",
pages = "124 - 144",
year = "2015",
issn = "0306-4379",
doi = "https://doi.org/10.1016/j.is.2014.11.006",
url = "http://www.sciencedirect.com/science/article/pii/S0306437914001823",
author = "Torsten Kilias and Alexander Löser and Periklis Andritsos",
keywords = "Iterative text mining in a RDBMS, Ad-hoc reports from text data, Information extraction"
}
@article{TEIKARI2012227,
title = "An inexpensive Arduino-based LED stimulator system for vision research",
journal = "Journal of Neuroscience Methods",
volume = "211",
number = "2",
pages = "227 - 236",
year = "2012",
issn = "0165-0270",
doi = "https://doi.org/10.1016/j.jneumeth.2012.09.012",
url = "http://www.sciencedirect.com/science/article/pii/S0165027012003846",
author = "Petteri Teikari and Raymond P. Najjar and Hemi Malkki and Kenneth Knoblauch and Dominique Dumortier and Claude Gronfier and Howard M. Cooper",
keywords = "LED, Arduino, Visual stimulator, Microcontroller, Pupillometry, Education"
}
@article{DANEVA20141,
title = "Empirical research methodologies and studies in Requirements Engineering: How far did we come?",
journal = "Journal of Systems and Software",
volume = "95",
pages = "1 - 9",
year = "2014",
issn = "0164-1212",
doi = "https://doi.org/10.1016/j.jss.2014.06.035",
url = "http://www.sciencedirect.com/science/article/pii/S0164121214001460",
author = "Maya Daneva and Daniela Damian and Alessandro Marchetto and Oscar Pastor"
}
@article{VARGA2009569,
title = "Decision tree and first-principles model-based approach for reactor runaway analysis and forecasting",
journal = "Engineering Applications of Artificial Intelligence",
volume = "22",
number = "4",
pages = "569 - 578",
year = "2009",
issn = "0952-1976",
doi = "https://doi.org/10.1016/j.engappai.2008.11.001",
url = "http://www.sciencedirect.com/science/article/pii/S0952197608001863",
author = "Tamas Varga and Ferenc Szeifert and Janos Abonyi",
keywords = "Operating regions, Decision tree, Operating strategies, Reactor runaway, Heterocatalytic tube reactor"
}
@article{NEDUCHAL2016493,
title = "Development of a Laboratory Framework for Testing Simultaneous Localization and Mapping Approaches",
journal = "IFAC-PapersOnLine",
volume = "49",
number = "25",
pages = "493 - 498",
year = "2016",
note = "14th IFAC Conference on Programmable Devices and Embedded Systems PDES 2016",
issn = "2405-8963",
doi = "https://doi.org/10.1016/j.ifacol.2016.12.089",
url = "http://www.sciencedirect.com/science/article/pii/S2405896316327276",
author = "Petr Neduchal and Miroslav Flídr",
keywords = "SLAM, Robotics, Sensors, Cameras, Inertial measurement Units, Encoders"
}
@article{HASAN2015862,
title = "Emerging Trends of Using Open Source Technology for Sustainable Teacher Training Programme in Bangladesh",
journal = "Procedia - Social and Behavioral Sciences",
volume = "195",
pages = "862 - 871",
year = "2015",
note = "World Conference on Technology, Innovation and Entrepreneurship",
issn = "1877-0428",
doi = "https://doi.org/10.1016/j.sbspro.2015.06.365",
url = "http://www.sciencedirect.com/science/article/pii/S1877042815038446",
author = "Mahbub Hasan and Shahadat Hossain Khan and Che Kum Clement",
keywords = "Open source technology, Google platform, teacher training, Bangladesh."
}
@article{VOGELHEUSER201735,
title = "Modularity and architecture of PLC-based software for automated production Systems: An analysis in industrial companies",
journal = "Journal of Systems and Software",
volume = "131",
pages = "35 - 62",
year = "2017",
issn = "0164-1212",
doi = "https://doi.org/10.1016/j.jss.2017.05.051",
url = "http://www.sciencedirect.com/science/article/pii/S0164121217300985",
author = "Birgit Vogel-Heuser and Juliane Fischer and Stefan Feldmann and Sebastian Ulewicz and Susanne Rösch",
keywords = "Factory automation, Automated production systems, Maturity, Modularity, Control software, Programmable logic controller"
}
@article{VANDERHAM2006862,
title = "Using RDF to describe networks",
journal = "Future Generation Computer Systems",
volume = "22",
number = "8",
pages = "862 - 867",
year = "2006",
issn = "0167-739X",
doi = "https://doi.org/10.1016/j.future.2006.03.022",
url = "http://www.sciencedirect.com/science/article/pii/S0167739X06000410",
author = "Jeroen J. van der Ham and Freek Dijkstra and Franco Travostino and Hubertus M.A. Andree and Cees T.A.M. de Laat",
keywords = "Network descriptions, Semantic Web, Resource Description Framework, Hybrid networks"
}
@article{ALI2016402,
title = "Software outsourcing partnership model: An evaluation framework for vendor organizations",
journal = "Journal of Systems and Software",
volume = "117",
pages = "402 - 425",
year = "2016",
issn = "0164-1212",
doi = "https://doi.org/10.1016/j.jss.2016.03.069",
url = "http://www.sciencedirect.com/science/article/pii/S016412121630019X",
author = "Sikandar Ali and Siffat Ullah Khan",
keywords = "Software outsourcing partnership, Systematic literature review, Critical success factors"
}
@article{DEGRAAF20141053,
title = "An exploratory study on ontology engineering for software architecture documentation",
journal = "Computers in Industry",
volume = "65",
number = "7",
pages = "1053 - 1064",
year = "2014",
issn = "0166-3615",
doi = "https://doi.org/10.1016/j.compind.2014.04.006",
url = "http://www.sciencedirect.com/science/article/pii/S0166361514000840",
author = "K.A. de Graaf and P. Liang and A. Tang and W.R. van Hage and H. van Vliet",
keywords = "Ontology engineering, Software architecture, Software ontology, Ontology-based documentation, Knowledge acquisition, Knowledge management"
}
@incollection{SCHMIDT2013323,
title = "Chapter 19 - Software Implementation",
editor = "Richard F. Schmidt",
booktitle = "Software Engineering",
publisher = "Morgan Kaufmann",
address = "Boston",
pages = "323 - 333",
year = "2013",
isbn = "978-0-12-407768-3",
doi = "https://doi.org/10.1016/B978-0-12-407768-3.00019-7",
url = "http://www.sciencedirect.com/science/article/pii/B9780124077683000197",
author = "Richard F. Schmidt",
keywords = "software technical data package (TDP), assembly, integration, and testing, acceptance testing, programmatic design, source code, programming, test readiness review (TRR), deployment readiness review (DRR)"
}
@article{BHATTACHERJEE200191,
title = "A hybrid approach to OO development: the SUMMITrak project at TCI",
journal = "Journal of Systems and Software",
volume = "57",
number = "2",
pages = "91 - 98",
year = "2001",
issn = "0164-1212",
doi = "https://doi.org/10.1016/S0164-1212(00)00120-5",
url = "http://www.sciencedirect.com/science/article/pii/S0164121200001205",
author = "Anol Bhattacherjee and Kurt DeShazer and James H Gerlach and Bill Rierden",
keywords = "Object-oriented system development, Structured systems development, Software engineering"
}
@article{FINNIE1997281,
title = "A comparison of software effort estimation techniques: Using function points with neural networks, case-based reasoning and regression models",
journal = "Journal of Systems and Software",
volume = "39",
number = "3",
pages = "281 - 289",
year = "1997",
issn = "0164-1212",
doi = "https://doi.org/10.1016/S0164-1212(97)00055-1",
url = "http://www.sciencedirect.com/science/article/pii/S0164121297000551",
author = "G.R. Finnie and G.E. Wittig and J-M. Desharnais"
}
@article{GODETBAR2010492,
title = "HCI and business practices in a collaborative method for augmented reality systems",
journal = "Information and Software Technology",
volume = "52",
number = "5",
pages = "492 - 505",
year = "2010",
note = "TAIC-PART 2008",
issn = "0950-5849",
doi = "https://doi.org/10.1016/j.infsof.2009.11.007",
url = "http://www.sciencedirect.com/science/article/pii/S0950584909002079",
author = "Guillaume Godet-Bar and Dominique Rieu and Sophie Dupuy-Chessa",
keywords = "Information systems, Software engineering, Human–computer interaction, Augmented reality, Collaborative design, Evolution"
}
@incollection{SCHMIDT2013291,
title = "Chapter 17 - Software Requirements Definition",
editor = "Richard F. Schmidt",
booktitle = "Software Engineering",
publisher = "Morgan Kaufmann",
address = "Boston",
pages = "291 - 303",
year = "2013",
isbn = "978-0-12-407768-3",
doi = "https://doi.org/10.1016/B978-0-12-407768-3.00017-3",
url = "http://www.sciencedirect.com/science/article/pii/B9780124077683000173",
author = "Richard F. Schmidt",
keywords = "software analysis, trade study, architectural alternatives, analysis of alternatives, software requirements specifications (SRS), software requirements review (SRR), requirements baseline, work breakdown structure (WBS), change control board (CCB)"
}
@article{LOVE201850,
title = "The yeast stands alone: the future of protein biologic production",
journal = "Current Opinion in Biotechnology",
volume = "53",
pages = "50 - 58",
year = "2018",
note = "Chemical Biotechnology • Pharmaceutical Biotechnology",
issn = "0958-1669",
doi = "https://doi.org/10.1016/j.copbio.2017.12.010",
url = "http://www.sciencedirect.com/science/article/pii/S095816691730191X",
author = "Kerry R Love and Neil C Dalvie and J Christopher Love"
}