@article{PAIXAO2015281,
title = "A robust optimization approach to the next release problem in the presence of uncertainties",
journal = "Journal of Systems and Software",
volume = "103",
pages = "281 - 295",
year = "2015",
issn = "0164-1212",
doi = "https://doi.org/10.1016/j.jss.2014.09.039",
url = "http://www.sciencedirect.com/science/article/pii/S016412121400212X",
author = "Matheus Paixao and Jerffeson Souza",
keywords = "Next release problem, Robust optimization, Search based software engineering"
}
@incollection{MORE2016208,
title = "Chapter 4.7 - Community Support (Documentation, Bug Prioritization, Project Management)",
editor = "Josh More and Anthony J. Stieber and Chris Liu",
booktitle = "Breaking Into Information Security",
publisher = "Syngress",
address = "Boston",
pages = "208 - 209",
year = "2016",
isbn = "978-0-12-800783-9",
doi = "https://doi.org/10.1016/B978-0-12-800783-9.00068-9",
url = "http://www.sciencedirect.com/science/article/pii/B9780128007839000689",
author = "Josh More and Anthony J. Stieber and Chris Liu",
keywords = "support, careers, information security, documentation, testing"
}
@incollection{SANTOS2011205,
title = "Chapter 5 - Action Research Can Swing the Balance in Experimental Software Engineering",
editor = "Marvin V. Zelkowitz",
series = "Advances in Computers",
publisher = "Elsevier",
volume = "83",
pages = "205 - 276",
year = "2011",
issn = "0065-2458",
doi = "https://doi.org/10.1016/B978-0-12-385510-7.00005-9",
url = "http://www.sciencedirect.com/science/article/pii/B9780123855107000059",
author = "Paulo Sérgio Medeiros dos Santos and Guilherme Horta Travassos",
keywords = "Action Research, Refactoring,  study, Software Engineering Theory, Scientific Knowledge Management, Experimental Software Engineering"
}
@article{TSAI20091578,
title = "Experience on knowledge-based software engineering: A logic-based requirements language and its industrial applications",
journal = "Journal of Systems and Software",
volume = "82",
number = "10",
pages = "1578 - 1587",
year = "2009",
note = "SI: YAU",
issn = "0164-1212",
doi = "https://doi.org/10.1016/j.jss.2009.03.019",
url = "http://www.sciencedirect.com/science/article/pii/S0164121209000521",
author = "Jeffrey J.P. Tsai and Alan Liu",
keywords = "Formal specification language, Nonmonotonic logic, Formal verification, Automatic code generation, Knowledge-based software engineering"
}
@article{MISNEVS2017213,
title = "The Role of Communication and Meta-communication in Software Engineering with Relation to Human Errors",
journal = "Procedia Engineering",
volume = "178",
pages = "213 - 222",
year = "2017",
note = "RelStat-2016: Proceedings of the 16th International Scientific Conference Reliability and Statistics in Transportation and Communication October 19-22, 2016. Transport and Telecommunication Institute, Riga, Latvia",
issn = "1877-7058",
doi = "https://doi.org/10.1016/j.proeng.2017.01.100",
url = "http://www.sciencedirect.com/science/article/pii/S1877705817301005",
author = "Boriss Misnevs and Ugur Demiray",
keywords = "defect prevention, Socio-cognitive modeling, IT project processes, TOGA meta-theory"
}
@article{GOMEZGARCIA20181,
title = "A compiled project and open-source code to generate web-based forest modelling simulators",
journal = "Computers and Electronics in Agriculture",
volume = "147",
pages = "1 - 5",
year = "2018",
issn = "0168-1699",
doi = "https://doi.org/10.1016/j.compag.2018.02.010",
url = "http://www.sciencedirect.com/science/article/pii/S0168169917308840",
author = "Esteban Gómez-García and João C. Azevedo and Fernando Pérez-Rodríguez",
keywords = "Forest simulator, , Cloud computing, Software as a service, Knowledge transfer"
}
@article{ZSCHALER2014189,
title = "Salespoint: A Java framework for teaching object-oriented software development",
journal = "Science of Computer Programming",
volume = "79",
pages = "189 - 203",
year = "2014",
note = "Experimental Software and Toolkits (EST 4): A special issue of the Workshop on Academic Software Development Tools and Techniques (WASDeTT-3 2010)",
issn = "0167-6423",
doi = "https://doi.org/10.1016/j.scico.2012.04.005",
url = "http://www.sciencedirect.com/science/article/pii/S016764231200069X",
author = "Steffen Zschaler and Birgit Demuth and Lothar Schmitz",
keywords = "Programming education, Object-oriented framework, Business applications, Large-class project courses"
}
@incollection{DAHLANDER2006111,
title = "5 - Business Models and Community Relationships of Open Source Software Firms",
editor = "Jürgen Bitzer and Philipp J.H. Schröder",
booktitle = "The Economics of Open Source Software Development",
publisher = "Elsevier",
address = "Amsterdam",
pages = "111 - 130",
year = "2006",
isbn = "978-0-444-52769-1",
doi = "https://doi.org/10.1016/B978-044452769-1/50005-6",
url = "http://www.sciencedirect.com/science/article/pii/B9780444527691500056",
author = "Linus Dahlander and Mats G. Magnusson"
}
@article{GARCIAPENALVO201211468,
title = "Towards an ontology modeling tool. A validation in software engineering scenarios",
journal = "Expert Systems with Applications",
volume = "39",
number = "13",
pages = "11468 - 11478",
year = "2012",
issn = "0957-4174",
doi = "https://doi.org/10.1016/j.eswa.2012.04.009",
url = "http://www.sciencedirect.com/science/article/pii/S0957417412006069",
author = "Francisco José García-Peñalvo and Ricardo Colomo-Palacios and Juan García and Roberto Therón",
keywords = "OWL, Ontologies, Knowledge engineering, Visual analytics, Software engineering"
}
@incollection{GANNEY2014133,
title = "Chapter 9 - Software Engineering",
editor = "Azzam Taktak and Paul Ganney and Dave Long and Paul White",
booktitle = "Clinical Engineering",
publisher = "Academic Press",
address = "Oxford",
pages = "133 - 170",
year = "2014",
isbn = "978-0-12-396961-3",
doi = "https://doi.org/10.1016/B978-0-12-396961-3.00009-3",
url = "http://www.sciencedirect.com/science/article/pii/B9780123969613000093",
author = "Paul S. Ganney and Sandhya Pisharody and Edwin Claridge",
keywords = "Software development, Software management, Operating system, Language selection, Programming, Software life cycle, Procedural programming, Object-oriented programming, Functional programming, Real-time programming, Embedded programming, Software validation, Software verification, Software quality assurance, Database, Spreadsheet, Flat file, Normal form, SQL, Image processing, Finite element analysis, Artificial intelligence, Expert systems, Equipment management database, Device tracking"
}
@article{WONGTHONGTHAM2006640,
title = "Ontology-based multi-site software development methodology and tools",
journal = "Journal of Systems Architecture",
volume = "52",
number = "11",
pages = "640 - 653",
year = "2006",
note = "Agile Methodologies for Software Production",
issn = "1383-7621",
doi = "https://doi.org/10.1016/j.sysarc.2006.06.008",
url = "http://www.sciencedirect.com/science/article/pii/S138376210600066X",
author = "P. Wongthongtham and E. Chang and T.S. Dillon and I. Sommerville",
keywords = "Ontology development, Software engineering ontology, Agent-based system, Multi-site software development"
}
@article{SPINELLIS2012666,
title = "Organizational adoption of open source software",
journal = "Journal of Systems and Software",
volume = "85",
number = "3",
pages = "666 - 682",
year = "2012",
note = "Novel approaches in the design and implementation of systems/software architecture",
issn = "0164-1212",
doi = "https://doi.org/10.1016/j.jss.2011.09.037",
url = "http://www.sciencedirect.com/science/article/pii/S0164121211002512",
author = "Diomidis Spinellis and Vaggelis Giannikas",
keywords = "Open source software, Technology adoption, Industrial practice"
}
@article{DAYANI201573,
title = "Automatic Conversion of Software Specification into a Gantt-chart subject to Organization's Constraints",
journal = "Procedia Computer Science",
volume = "64",
pages = "73 - 78",
year = "2015",
note = "Conference on ENTERprise Information Systems/International Conference on Project MANagement/Conference on Health and Social Care Information Systems and Technologies, CENTERIS/ProjMAN / HCist 2015 October 7-9, 2015",
issn = "1877-0509",
doi = "https://doi.org/10.1016/j.procs.2015.08.465",
url = "http://www.sciencedirect.com/science/article/pii/S1877050915026009",
author = "M. Dayani and R. Gelbard",
keywords = "Software project management, software specifications, software engineering, Gantt chart, software development policy, project constraints."
}
@incollection{HOU201677,
title = "Visual analytics for software engineering data",
editor = "Tim Menzies and Laurie Williams and Thomas Zimmermann",
booktitle = "Perspectives on Data Science for Software Engineering",
publisher = "Morgan Kaufmann",
address = "Boston",
pages = "77 - 80",
year = "2016",
isbn = "978-0-12-804206-9",
doi = "https://doi.org/10.1016/B978-0-12-804206-9.00015-5",
url = "http://www.sciencedirect.com/science/article/pii/B9780128042069000155",
author = "Zhitao Hou and Hongyu Zhang and Haidong Zhang and Dongmei Zhang",
keywords = "Data analysis techniques, Visual analytics techniques, User interface, MetroEyes, Interactive data exploration"
}
@article{PATERNOSTER20141200,
title = "Software development in startup companies: A systematic mapping study",
journal = "Information and Software Technology",
volume = "56",
number = "10",
pages = "1200 - 1218",
year = "2014",
issn = "0950-5849",
doi = "https://doi.org/10.1016/j.infsof.2014.04.014",
url = "http://www.sciencedirect.com/science/article/pii/S0950584914000950",
author = "Nicolò Paternoster and Carmine Giardino and Michael Unterkalmsteiner and Tony Gorschek and Pekka Abrahamsson",
keywords = "Software development, Startups, Systematic mapping study"
}
@article{OSSWALD201737,
title = "Facilitation of bronchoscopy teaching with easily accessible low-cost 3D-printing",
journal = "Trends in Anaesthesia and Critical Care",
volume = "15",
pages = "37 - 41",
year = "2017",
issn = "2210-8440",
doi = "https://doi.org/10.1016/j.tacc.2017.07.001",
url = "http://www.sciencedirect.com/science/article/pii/S2210844017301247",
author = "Martin Osswald and Annigna Wegmann and Robert Greif and Lorenz Theiler and Tina H. Pedersen",
keywords = "Bronchoscopy, Education, Simulation, Teaching, 3D-Printing"
}
@article{HONGMEI2012484,
title = "Research on Case Teaching of Software Development Comprehensive Practice Based on Project Driven",
journal = "Procedia Engineering",
volume = "29",
pages = "484 - 488",
year = "2012",
note = "2012 International Workshop on Information and Electronics Engineering",
issn = "1877-7058",
doi = "https://doi.org/10.1016/j.proeng.2011.12.747",
url = "http://www.sciencedirect.com/science/article/pii/S1877705811065842",
author = "Sun Hong-mei and Jia Rui-sheng",
keywords = "innovation ability, software development, case teaching, comprehensive practice, project driven"
}
@article{MONTEIRO201791,
title = "Signifying software engineering to computational thinking learners with AgentSheets and PoliFacets",
journal = "Journal of Visual Languages & Computing",
volume = "40",
pages = "91 - 112",
year = "2017",
note = "Semiotics, Human-Computer Interaction and End-User Development",
issn = "1045-926X",
doi = "https://doi.org/10.1016/j.jvlc.2017.01.005",
url = "http://www.sciencedirect.com/science/article/pii/S1045926X16300234",
author = "Ingrid Teixeira Monteiro and Luciana Cardoso de Castro Salgado and Marcelle Pereira Mota and Andréia Libório Sampaio and Clarisse Sieckenius de Souza",
keywords = "Computational thinking acquisition (CTA), AgentSheets, Program deconstructions, End User Software Engineering (EUSE), Semiotic analysis, Semiotic Engineering, End user development (EUD)"
}
@article{GLASSMAN2016281,
title = "Teaching and learning through open source educative processes",
journal = "Teaching and Teacher Education",
volume = "60",
pages = "281 - 290",
year = "2016",
issn = "0742-051X",
doi = "https://doi.org/10.1016/j.tate.2016.09.002",
url = "http://www.sciencedirect.com/science/article/pii/S0742051X16303353",
author = "Michael Glassman and Min Ju Kang",
keywords = "Internet infused education, Web of trails"
}
@incollection{COMBAL201659,
title = "Chapter 5 - Supporting Marine Sciences With Cloud Services: Technical Feasibility and Challenges",
editor = "Tiffany C. Vance and Nazila Merati and Chaowei Yang and May Yuan",
booktitle = "Cloud Computing in Ocean and Atmospheric Sciences",
publisher = "Academic Press",
pages = "59 - 88",
year = "2016",
isbn = "978-0-12-803192-6",
doi = "https://doi.org/10.1016/B978-0-12-803192-6.00005-0",
url = "http://www.sciencedirect.com/science/article/pii/B9780128031926000050",
author = "B. Combal and H. Caumont",
keywords = "Climate change, Cloud computing, E-science, Ensemble mean, Processing service, Reproducibility, Sea surface temperature"
}
@article{CHEN201772,
title = "Continuous Delivery: Overcoming adoption challenges",
journal = "Journal of Systems and Software",
volume = "128",
pages = "72 - 86",
year = "2017",
issn = "0164-1212",
doi = "https://doi.org/10.1016/j.jss.2017.02.013",
url = "http://www.sciencedirect.com/science/article/pii/S0164121217300353",
author = "Lianping Chen",
keywords = "Agile Software Development, Continuous Delivery, Continuous Deployment, Continuous Software Engineering, DevOps, Adoption"
}
@article{TAWOSI20151,
title = "Automated software design using ant colony optimization with semantic network support",
journal = "Journal of Systems and Software",
volume = "109",
pages = "1 - 17",
year = "2015",
issn = "0164-1212",
doi = "https://doi.org/10.1016/j.jss.2015.06.067",
url = "http://www.sciencedirect.com/science/article/pii/S0164121215001442",
author = "Vali Tawosi and Saeed Jalili and Seyed Mohammad Hossein Hasheminejad",
keywords = "Search-based software engineering, Automated software design, Ant colony optimization"
}
@article{MITCHELL2016151,
title = "Could removal of project-level knowledge flow obstacles contribute to software process improvement? A study of software engineer perceptions",
journal = "Information and Software Technology",
volume = "72",
pages = "151 - 170",
year = "2016",
issn = "0950-5849",
doi = "https://doi.org/10.1016/j.infsof.2015.12.007",
url = "http://www.sciencedirect.com/science/article/pii/S0950584915002165",
author = "Susan M. Mitchell and Carolyn B. Seaman",
keywords = "Software process, Software process improvement, SPI, Knowledge management, Knowledge flow (K-flow), Software engineering"
}
@article{ROLANDSSON2011576,
title = "Open source in the firm: Opening up professional practices of software development",
journal = "Research Policy",
volume = "40",
number = "4",
pages = "576 - 587",
year = "2011",
issn = "0048-7333",
doi = "https://doi.org/10.1016/j.respol.2010.11.003",
url = "http://www.sciencedirect.com/science/article/pii/S0048733310002386",
author = "Bertil Rolandsson and Magnus Bergquist and Jan Ljungberg",
keywords = "Open source software development, Professional programmers, Tensions, Strategies"
}
@article{FREUND20131108,
title = "A cross-domain analysis of task and genre effects on perceptions of usefulness",
journal = "Information Processing & Management",
volume = "49",
number = "5",
pages = "1108 - 1121",
year = "2013",
issn = "0306-4573",
doi = "https://doi.org/10.1016/j.ipm.2012.08.007",
url = "http://www.sciencedirect.com/science/article/pii/S0306457312001148",
author = "Luanne Freund",
keywords = "Information retrieval, Document assessment, Usefulness, Information tasks, Document genre, Expertise"
}
@incollection{MORE2016200,
title = "Chapter 4.3 - Boosting—Developer/Entrepreneur (Closed or Open Source)",
editor = "Josh More and Anthony J. Stieber and Chris Liu",
booktitle = "Breaking Into Information Security",
publisher = "Syngress",
address = "Boston",
pages = "200 - 201",
year = "2016",
isbn = "978-0-12-800783-9",
doi = "https://doi.org/10.1016/B978-0-12-800783-9.00064-1",
url = "http://www.sciencedirect.com/science/article/pii/B9780128007839000641",
author = "Josh More and Anthony J. Stieber and Chris Liu",
keywords = "entrepreneur, developer, coder, careers, information security"
}
@article{HU2012526,
title = "Reputation management in an open source developer social network: An empirical study on determinants of positive evaluations",
journal = "Decision Support Systems",
volume = "53",
number = "3",
pages = "526 - 533",
year = "2012",
issn = "0167-9236",
doi = "https://doi.org/10.1016/j.dss.2012.02.005",
url = "http://www.sciencedirect.com/science/article/pii/S0167923612000632",
author = "Daning Hu and J. Leon Zhao and Jiesi Cheng",
keywords = "Open source software, Positive evaluation, Reputation management, Social network analysis"
}
@article{SWAIN201611,
title = "A new open source platform for lowering the barrier for environmental web app development",
journal = "Environmental Modelling & Software",
volume = "85",
pages = "11 - 26",
year = "2016",
issn = "1364-8152",
doi = "https://doi.org/10.1016/j.envsoft.2016.08.003",
url = "http://www.sciencedirect.com/science/article/pii/S1364815216304625",
author = "Nathan R. Swain and Scott D. Christensen and Alan D. Snow and Herman Dolder and Gonzalo Espinoza-Dávalos and Erfan Goharian and Norman L. Jones and E. James Nelson and Daniel P. Ames and Steven J. Burian",
keywords = "Tethys platform, Web app development, Environmental, Decision support, Hydrologic modeling"
}
@article{LATORRE2017304,
title = "Measuring social networks when forming information system project teams",
journal = "Journal of Systems and Software",
volume = "134",
pages = "304 - 323",
year = "2017",
issn = "0164-1212",
doi = "https://doi.org/10.1016/j.jss.2017.09.019",
url = "http://www.sciencedirect.com/science/article/pii/S016412121730208X",
author = "Roberto Latorre and Javier Suárez",
keywords = "Team member allocation, Team formation problem, Social skills, Social network analysis, Interpersonal relationships, Collaboration network"
}
@incollection{WALCOTTJUSTICE201453,
title = "Chapter 2 - Exploiting Hardware Monitoring in Software Engineering",
editor = "Atif Memon",
series = "Advances in Computers",
publisher = "Elsevier",
volume = "93",
pages = "53 - 101",
year = "2014",
booktitle = "Advances in Computers",
issn = "0065-2458",
doi = "https://doi.org/10.1016/B978-0-12-800162-2.00002-6",
url = "http://www.sciencedirect.com/science/article/pii/B9780128001622000026",
author = "Kristen R. Walcott-Justice",
keywords = "Performance monitoring, Hardware monitoring, Software engineering, Software testing, Dynamic optimization, Path profiling"
}
@article{KUPIAINEN2015143,
title = "Using metrics in Agile and Lean Software Development – A systematic literature review of industrial studies",
journal = "Information and Software Technology",
volume = "62",
pages = "143 - 163",
year = "2015",
issn = "0950-5849",
doi = "https://doi.org/10.1016/j.infsof.2015.02.005",
url = "http://www.sciencedirect.com/science/article/pii/S095058491500035X",
author = "Eetu Kupiainen and Mika V. Mäntylä and Juha Itkonen",
keywords = "Agile, Lean, Metrics, Measurement, Systematic literature review, Software engineering"
}
@incollection{ROSSON19971105,
title = "Chapter 46 - Expertise and Instruction in Software Development",
editor = "Marting G. Helander and Thomas K. Landauer and Prasad V. Prabhu",
booktitle = "Handbook of Human-Computer Interaction (Second Edition)",
publisher = "North-Holland",
edition = "Second Edition",
address = "Amsterdam",
pages = "1105 - 1126",
year = "1997",
isbn = "978-0-444-81862-1",
doi = "https://doi.org/10.1016/B978-044481862-1.50112-6",
url = "http://www.sciencedirect.com/science/article/pii/B9780444818621501126",
author = "Mary Beth Rosson and John M. Carroll"
}
@article{FAGERHOLM2017292,
title = "The RIGHT model for Continuous Experimentation",
journal = "Journal of Systems and Software",
volume = "123",
pages = "292 - 305",
year = "2017",
issn = "0164-1212",
doi = "https://doi.org/10.1016/j.jss.2016.03.034",
url = "http://www.sciencedirect.com/science/article/pii/S0164121216300024",
author = "Fabian Fagerholm and Alejandro Sanchez Guinea and Hanna Mäenpää and Jürgen Münch",
keywords = "Continuous experimentation, Product development, Software architecture, Software development process, Agile software development, Lean software development"
}
@article{DESAI20161021,
title = "Knowledge Management for Downstream Supply Chain Management of Indian Public Sector Oil Companies",
journal = "Procedia Computer Science",
volume = "79",
pages = "1021 - 1028",
year = "2016",
note = "Proceedings of International Conference on Communication, Computing and Virtualization (ICCCV) 2016",
issn = "1877-0509",
doi = "https://doi.org/10.1016/j.procs.2016.03.129",
url = "http://www.sciencedirect.com/science/article/pii/S187705091600260X",
author = "Aaditya Desai and Sunil Rai",
keywords = "Knowledge Management (KM), Supply Chain Management (SCM), Public Sector Oil Companies, Software Engineering, Downstream Supply Chain Management (SCM)"
}
@article{KOBAYASHI2016782,
title = "The Evaluation Knowledge of Standard Software Asset using The Seven Samurai Framework",
journal = "Procedia Computer Science",
volume = "96",
pages = "782 - 790",
year = "2016",
note = "Knowledge-Based and Intelligent Information & Engineering Systems: Proceedings of the 20th International Conference KES-2016",
issn = "1877-0509",
doi = "https://doi.org/10.1016/j.procs.2016.08.238",
url = "http://www.sciencedirect.com/science/article/pii/S1877050916320488",
author = "Nobuhide Kobayashi and Hikari Yamada and Hiroyuki Utsunomiya and Shuji Morisaki and Shuichiro Yamamoto",
keywords = "The Seven Samurai framework, product line, variants, meta-model, NFR framework"
}
@article{SANTOS201631,
title = "Avoiding code pitfalls in Aspect-Oriented Programming",
journal = "Science of Computer Programming",
volume = "119",
pages = "31 - 50",
year = "2016",
note = "Selected papers of the Brazilian Symposium on Programming Languages 2014",
issn = "0167-6423",
doi = "https://doi.org/10.1016/j.scico.2015.12.003",
url = "http://www.sciencedirect.com/science/article/pii/S0167642315004141",
author = "Adriano Santos and Péricles Alves and Eduardo Figueiredo and Fabiano Ferrari",
keywords = "Aspect-Oriented Programming, Mistakes, Code pitfalls, Empirical study"
}
@article{CHONG201728,
title = "Automatic clustering constraints derivation from object-oriented software using weighted complex network with graph theory analysis",
journal = "Journal of Systems and Software",
volume = "133",
pages = "28 - 53",
year = "2017",
issn = "0164-1212",
doi = "https://doi.org/10.1016/j.jss.2017.08.017",
url = "http://www.sciencedirect.com/science/article/pii/S0164121217301772",
author = "Chun Yong Chong and Sai Peck Lee",
keywords = "Constrained clustering, Software clustering, Software remodularisation, Graph theory, Complex network"
}
@article{TENORTH2017151,
title = "Representations for robot knowledge in the KnowRob framework",
journal = "Artificial Intelligence",
volume = "247",
pages = "151 - 169",
year = "2017",
note = "Special Issue on AI and Robotics",
issn = "0004-3702",
doi = "https://doi.org/10.1016/j.artint.2015.05.010",
url = "http://www.sciencedirect.com/science/article/pii/S0004370215000843",
author = "Moritz Tenorth and Michael Beetz",
keywords = "Knowledge representation, Autonomous robots, Knowledge-enabled robotics"
}
@article{GARCIAMAGARINO201749,
title = "ABSEM: An agent-based simulator of emotions in mindfulness programs",
journal = "Expert Systems with Applications",
volume = "84",
pages = "49 - 57",
year = "2017",
issn = "0957-4174",
doi = "https://doi.org/10.1016/j.eswa.2017.05.011",
url = "http://www.sciencedirect.com/science/article/pii/S095741741730324X",
author = "Iván García-Magariño and Inmaculada Plaza",
keywords = "Agent-based simulation, Multi-agent system, Mindfulness training, Mindfulness program, Teaching strategy, Artificial emotion"
}
@article{VASQUEZBRAVO2014721,
title = "Knowledge management acquisition improvement by using software engineering elicitation techniques",
journal = "Computers in Human Behavior",
volume = "30",
pages = "721 - 730",
year = "2014",
issn = "0747-5632",
doi = "https://doi.org/10.1016/j.chb.2013.09.003",
url = "http://www.sciencedirect.com/science/article/pii/S0747563213003312",
author = "Diana-Marcela Vásquez-Bravo and María-Isabel Sánchez-Segura and Fuensanta Medina-Domínguez and Antonio Amescua",
keywords = "Knowledge elicitation, Requirements elicitation techniques, Knowledge externalization, Knowledge acquisition efficiency"
}
@article{ALVES2018125,
title = "Development of an information retrieval tool for biomedical patents",
journal = "Computer Methods and Programs in Biomedicine",
volume = "159",
pages = "125 - 134",
year = "2018",
issn = "0169-2607",
doi = "https://doi.org/10.1016/j.cmpb.2018.03.012",
url = "http://www.sciencedirect.com/science/article/pii/S0169260717310568",
author = "Tiago Alves and Rúben Rodrigues and Hugo Costa and Miguel Rocha",
keywords = "Biomedical text mining, Information retrieval, Information extraction, Patents, PDF to text conversion"
}
@article{HAMDAN20152019,
title = "A Quality Framework for Software Continuous Integration",
journal = "Procedia Manufacturing",
volume = "3",
pages = "2019 - 2025",
year = "2015",
note = "6th International Conference on Applied Human Factors and Ergonomics (AHFE 2015) and the Affiliated Conferences, AHFE 2015",
issn = "2351-9789",
doi = "https://doi.org/10.1016/j.promfg.2015.07.249",
url = "http://www.sciencedirect.com/science/article/pii/S2351978915002504",
author = "Saba Hamdan and Suad Alramouni",
keywords = "Continuous integration, Software quality framework, ISO, Agile, Extreme programming, Software development"
}
@article{LI2018114,
title = "Experiences of building a medical data acquisition system based on two-level modeling",
journal = "International Journal of Medical Informatics",
volume = "112",
pages = "114 - 122",
year = "2018",
issn = "1386-5056",
doi = "https://doi.org/10.1016/j.ijmedinf.2018.01.016",
url = "http://www.sciencedirect.com/science/article/pii/S1386505618300224",
author = "Bei Li and Jianbin Li and Xiaoyun Lan and Ying An and Wuqiang Gao and Yuqiao Jiang",
keywords = "Medical big data, Metadata modeling, Data acquisition system, Electronic health record, Two-level model"
}
@article{BJANES2018115,
title = "Automated Center-out Rodent Behavioral Trainer (ACRoBaT), an automated device for training rats to perform a modified center out task",
journal = "Behavioural Brain Research",
volume = "346",
pages = "115 - 121",
year = "2018",
issn = "0166-4328",
doi = "https://doi.org/10.1016/j.bbr.2017.11.031",
url = "http://www.sciencedirect.com/science/article/pii/S0166432817314663",
author = "David A. Bjånes and Chet T. Moritz",
keywords = "Automated behavior, Training, Center-out, Forelimb, Motor-task"
}
@article{FLUDER20151134,
title = "Improved Software Production for the LHC Tunnel Cryogenics Control System",
journal = "Physics Procedia",
volume = "67",
pages = "1134 - 1140",
year = "2015",
note = "Proceedings of the 25th International Cryogenic Engineering Conference and International Cryogenic Materials Conference 2014",
issn = "1875-3892",
doi = "https://doi.org/10.1016/j.phpro.2015.06.176",
url = "http://www.sciencedirect.com/science/article/pii/S187538921500557X",
author = "C. Fluder and T. Wolak and A. Drozd and M. Dudek and F. Frassinelli and M. Pezzetti and A. Tovar-Gonzalez and M. Zapolski",
keywords = "CERN, LHC, cryogenics, industrial, control, software, development, continuous integration"
}
@article{VALE2016128,
title = "Twenty-eight years of component-based software engineering",
journal = "Journal of Systems and Software",
volume = "111",
pages = "128 - 148",
year = "2016",
issn = "0164-1212",
doi = "https://doi.org/10.1016/j.jss.2015.09.019",
url = "http://www.sciencedirect.com/science/article/pii/S0164121215002095",
author = "Tassio Vale and Ivica Crnkovic and Eduardo Santana de Almeida and Paulo Anselmo da Mota Silveira Neto and Yguaratã Cerqueira Cavalcanti and Silvio Romero de Lemos Meira",
keywords = "Systematic mapping study, Component-based software engineering, Component-based software development, Software component"
}
@article{JI20142071,
title = "A weighted causal theory for acquiring and utilizing open knowledge",
journal = "International Journal of Approximate Reasoning",
volume = "55",
number = "9",
pages = "2071 - 2082",
year = "2014",
note = "Weighted Logics for Artificial Intelligence",
issn = "0888-613X",
doi = "https://doi.org/10.1016/j.ijar.2014.03.002",
url = "http://www.sciencedirect.com/science/article/pii/S0888613X14000486",
author = "Jianmin Ji and Xiaoping Chen",
keywords = "Nonmonotonic causal theories, Service robots, Abductive reasoning"
}
@article{MAGDALENO2015452,
title = "Collaboration optimization in software process composition",
journal = "Journal of Systems and Software",
volume = "103",
pages = "452 - 466",
year = "2015",
issn = "0164-1212",
doi = "https://doi.org/10.1016/j.jss.2014.11.036",
url = "http://www.sciencedirect.com/science/article/pii/S0164121214002672",
author = "Andréa Magalhães Magdaleno and Marcio de Oliveira Barros and Cláudia Maria Lima Werner and Renata Mendes de Araujo and Carlos Freud Alves Batista",
keywords = "Collaboration, Software process, SBSE"
}
@article{CROWSTON2007564,
title = "Self-organization of teams for free/libre open source software development",
journal = "Information and Software Technology",
volume = "49",
number = "6",
pages = "564 - 575",
year = "2007",
note = "Qualitative Software Engineering Research",
issn = "0950-5849",
doi = "https://doi.org/10.1016/j.infsof.2007.02.004",
url = "http://www.sciencedirect.com/science/article/pii/S0950584907000080",
author = "Kevin Crowston and Qing Li and Kangning Wei and U. Yeliz Eseryel and James Howison",
keywords = "Free/libre open source software development, Task assignment, Self-organizing teams, Distributed teams, Qualitative research methods, Coordination"
}
@article{SHAO201415,
title = "Organizing knowledge workforce for specified iterative software development tasks",
journal = "Decision Support Systems",
volume = "59",
pages = "15 - 27",
year = "2014",
issn = "0167-9236",
doi = "https://doi.org/10.1016/j.dss.2013.10.002",
url = "http://www.sciencedirect.com/science/article/pii/S0167923613002492",
author = "Benjamin B.M. Shao and Peng-Yeng Yin and Andrew N.K. Chen",
keywords = "Iterative software development, Workforce management, Task assignment, Knowledge management, Simulations, Particle swarm optimization"
}
@article{DEAARAUJO20171,
title = "A class of hybrid multilayer perceptrons for software development effort estimation problems",
journal = "Expert Systems with Applications",
volume = "90",
pages = "1 - 12",
year = "2017",
issn = "0957-4174",
doi = "https://doi.org/10.1016/j.eswa.2017.07.050",
url = "http://www.sciencedirect.com/science/article/pii/S0957417417305262",
author = "Ricardo de A. Araújo and Adriano L.I. Oliveira and Silvio Meira",
keywords = "Hybrid multilayer perceptron, Mathematical morphology, Descending gradient, Software development, Effort estimation"
}
@article{MANTELI20141309,
title = "The effect of governance on global software development: An empirical research in transactive memory systems",
journal = "Information and Software Technology",
volume = "56",
number = "10",
pages = "1309 - 1321",
year = "2014",
issn = "0950-5849",
doi = "https://doi.org/10.1016/j.infsof.2014.04.012",
url = "http://www.sciencedirect.com/science/article/pii/S0950584914000937",
author = "Christina Manteli and Bart van den Hooff and Hans van Vliet",
keywords = "Global software development, Distributed teams, Software governance, Transactive memory systems, Social network analysis"
}
@article{BITZER2005389,
title = "Bug-fixing and code-writing: The private provision of open source software",
journal = "Information Economics and Policy",
volume = "17",
number = "3",
pages = "389 - 406",
year = "2005",
issn = "0167-6245",
doi = "https://doi.org/10.1016/j.infoecopol.2005.01.001",
url = "http://www.sciencedirect.com/science/article/pii/S0167624505000181",
author = "Jürgen Bitzer and Philipp J.H. Schröder",
keywords = "Open source software, War of attrition, Public goods"
}
@article{SCHRUNK2012327,
title = "The Systems Engineering Approach to the Design of Laws",
journal = "Procedia Computer Science",
volume = "8",
pages = "327 - 332",
year = "2012",
note = "Conference on Systems Engineering Research",
issn = "1877-0509",
doi = "https://doi.org/10.1016/j.procs.2012.01.068",
url = "http://www.sciencedirect.com/science/article/pii/S1877050912000695",
author = "David G. Schrunk",
keywords = "Multidisciplinary Design, Laws, Quality Standards, Science of Laws"
}
@incollection{AGRAVAT2018183,
title = "Chapter 11 - Deep Learning for Automated Brain Tumor Segmentation in MRI Images",
editor = "Nilanjan Dey and Amira S. Ashour and Fuqian Shi and Valentina E. Balas",
booktitle = "Soft Computing Based Medical Image Analysis",
publisher = "Academic Press",
pages = "183 - 201",
year = "2018",
isbn = "978-0-12-813087-2",
doi = "https://doi.org/10.1016/B978-0-12-813087-2.00010-5",
url = "http://www.sciencedirect.com/science/article/pii/B9780128130872000105",
author = "Rupal R. Agravat and Mehul S. Raval",
keywords = "Convolutional neural network, Deep learning, Medical image processing, MRI images, Brain tumor segmentation"
}
@article{FAHMIDEH2018124,
title = "Reusing empirical knowledge during cloud computing adoption",
journal = "Journal of Systems and Software",
volume = "138",
pages = "124 - 157",
year = "2018",
issn = "0164-1212",
doi = "https://doi.org/10.1016/j.jss.2017.12.011",
url = "http://www.sciencedirect.com/science/article/pii/S0164121217303047",
author = "Mahdi Fahmideh and Ghassan Beydoun",
keywords = "Cloud computing adoption, Legacy systems, Evidence-based software engineering, Goal-oriented requirement engineering, Legacy system reengineering"
}
@article{ABUSHARK2017266,
title = "A framework for automatically ensuring the conformance of agent designs",
journal = "Journal of Systems and Software",
volume = "131",
pages = "266 - 310",
year = "2017",
issn = "0164-1212",
doi = "https://doi.org/10.1016/j.jss.2017.05.098",
url = "http://www.sciencedirect.com/science/article/pii/S0164121217301048",
author = "Yoosef Abushark and John Thangarajah and James Harland and Tim Miller",
keywords = "Agent-oriented software engineering, Multi-agent systems, Verification"
}
@article{HU2013439,
title = "Software project risk analysis using Bayesian networks with causality constraints",
journal = "Decision Support Systems",
volume = "56",
pages = "439 - 449",
year = "2013",
issn = "0167-9236",
doi = "https://doi.org/10.1016/j.dss.2012.11.001",
url = "http://www.sciencedirect.com/science/article/pii/S0167923612003338",
author = "Yong Hu and Xiangzhou Zhang and E.W.T. Ngai and Ruichu Cai and Mei Liu",
keywords = "Software project risk analysis, Bayesian networks, Causality analysis, Knowledge discovery, Expert knowledge constraint"
}
@incollection{HENNINGER200329,
title = "Tool Support for Experience-Based Software Development Methodologies",
series = "Advances in Computers",
publisher = "Elsevier",
volume = "59",
pages = "29 - 82",
year = "2003",
issn = "0065-2458",
doi = "https://doi.org/10.1016/S0065-2458(03)59002-7",
url = "http://www.sciencedirect.com/science/article/pii/S0065245803590027",
author = "Scott Henninger"
}
@article{RABBI2014473,
title = "Co-ordination of Multiple Metamodels, with Application to Healthcare Systems",
journal = "Procedia Computer Science",
volume = "37",
pages = "473 - 480",
year = "2014",
note = "The 5th International Conference on Emerging Ubiquitous Systems and Pervasive Networks (EUSPN-2014)/ The 4th International Conference on Current and Future Trends of Information and Communication Technologies in Healthcare (ICTH 2014)/ Affiliated Workshops",
issn = "1877-0509",
doi = "https://doi.org/10.1016/j.procs.2014.08.071",
url = "http://www.sciencedirect.com/science/article/pii/S1877050914010369",
author = "Fazle Rabbi and Yngve Lamo and Wendy MacCaull",
keywords = "multi metamodelling, co-ordination among metamodels, linguistic extension, model driven software engineering, healthcare information systems"
}
@article{JIEZHONG2012877,
title = "Proposal for the Software Development of a Radar Power Fault Detection System",
journal = "Physics Procedia",
volume = "33",
pages = "877 - 883",
year = "2012",
note = "2012 International Conference on Medical Physics and Biomedical Engineering (ICMPBE2012)",
issn = "1875-3892",
doi = "https://doi.org/10.1016/j.phpro.2012.05.149",
url = "http://www.sciencedirect.com/science/article/pii/S1875389212014629",
author = "Zhu Jie-zhong and Yao Yong-lei and Chen Su-ting",
keywords = "fault detedtion, intelligent control, GPIB, component"
}
@article{BARCELLINI2008141,
title = "A socio-cognitive analysis of online design discussions in an Open Source Software community",
journal = "Interacting with Computers",
volume = "20",
number = "1",
pages = "141 - 165",
year = "2008",
issn = "0953-5438",
doi = "https://doi.org/10.1016/j.intcom.2007.10.004",
url = "http://www.sciencedirect.com/science/article/pii/S0953543807000793",
author = "Flore Barcellini and Françoise Détienne and Jean-Marie Burkhardt and Warren Sack",
keywords = "Open Source Software community, Distributed and asynchronous design, Online discussions, Quoting, Role"
}
@article{DONMEZ201894,
title = "Two sides of the same coin – how agile software development teams approach uncertainty as threats and opportunities",
journal = "Information and Software Technology",
volume = "93",
pages = "94 - 111",
year = "2018",
issn = "0950-5849",
doi = "https://doi.org/10.1016/j.infsof.2017.08.015",
url = "http://www.sciencedirect.com/science/article/pii/S0950584917304652",
author = "Denniz Dönmez and Gudela Grote",
keywords = "Uncertainty, Risk, Threat, Opportunity, New product development, Agile software development, Multi-case study"
}
@article{MESQUITA20161085,
title = "Classification with reject option for software defect prediction",
journal = "Applied Soft Computing",
volume = "49",
pages = "1085 - 1093",
year = "2016",
issn = "1568-4946",
doi = "https://doi.org/10.1016/j.asoc.2016.06.023",
url = "http://www.sciencedirect.com/science/article/pii/S1568494616303039",
author = "Diego P.P. Mesquita and Lincoln S. Rocha and João Paulo P. Gomes and Ajalmar R. Rocha Neto",
keywords = "Software defect prediction, Classification with reject option, Extreme learning machines"
}
@article{RYAN20131614,
title = "Acquiring and sharing tacit knowledge in software development teams: An empirical study",
journal = "Information and Software Technology",
volume = "55",
number = "9",
pages = "1614 - 1624",
year = "2013",
issn = "0950-5849",
doi = "https://doi.org/10.1016/j.infsof.2013.02.013",
url = "http://www.sciencedirect.com/science/article/pii/S0950584913000591",
author = "Sharon Ryan and Rory V. O’Connor",
keywords = "Tacit knowledge, Transactive memory, Social interaction, Agile teams, Team performance"
}
@article{FRIAS2018101,
title = "An R package to visualize and communicate uncertainty in seasonal climate prediction",
journal = "Environmental Modelling & Software",
volume = "99",
pages = "101 - 110",
year = "2018",
issn = "1364-8152",
doi = "https://doi.org/10.1016/j.envsoft.2017.09.008",
url = "http://www.sciencedirect.com/science/article/pii/S1364815217305157",
author = "M.D. Frías and M. Iturbide and R. Manzanas and J. Bedia and J. Fernández and S. Herrera and A.S. Cofiño and J.M. Gutiérrez",
keywords = ", Probabilistic visualization, Seasonal forecast, R"
}
@article{ZHANG20171916,
title = "Autonomous Drift Cornering with Mixed Open-loop and Closed-loop Control",
journal = "IFAC-PapersOnLine",
volume = "50",
number = "1",
pages = "1916 - 1922",
year = "2017",
note = "20th IFAC World Congress",
issn = "2405-8963",
doi = "https://doi.org/10.1016/j.ifacol.2017.08.265",
url = "http://www.sciencedirect.com/science/article/pii/S2405896317305803",
author = "F. Zhang and J. Gonzales and K. Li and F. Borrelli",
keywords = "Autonomous vehicles, Vehicle dynamics, Rule-based path planning, Drift control"
}
@article{CLARKE2012433,
title = "The situational factors that affect the software development process: Towards a comprehensive reference framework",
journal = "Information and Software Technology",
volume = "54",
number = "5",
pages = "433 - 447",
year = "2012",
issn = "0950-5849",
doi = "https://doi.org/10.1016/j.infsof.2011.12.003",
url = "http://www.sciencedirect.com/science/article/pii/S0950584911002369",
author = "Paul Clarke and Rory V. O’Connor",
keywords = "Software engineering process, Process definition, Process implementation and change"
}
@incollection{SCHREIBER2008929,
title = "Chapter 25 Knowledge Engineering",
editor = "Frank van Harmelen and Vladimir Lifschitz and Bruce Porter",
series = "Foundations of Artificial Intelligence",
publisher = "Elsevier",
volume = "3",
pages = "929 - 946",
year = "2008",
booktitle = "Handbook of Knowledge Representation",
issn = "1574-6526",
doi = "https://doi.org/10.1016/S1574-6526(07)03025-8",
url = "http://www.sciencedirect.com/science/article/pii/S1574652607030258",
author = "Guus Schreiber"
}
@article{GASPARIC2016101,
title = "What recommendation systems for software engineering recommend: A systematic literature review",
journal = "Journal of Systems and Software",
volume = "113",
pages = "101 - 113",
year = "2016",
issn = "0164-1212",
doi = "https://doi.org/10.1016/j.jss.2015.11.036",
url = "http://www.sciencedirect.com/science/article/pii/S0164121215002605",
author = "Marko Gasparic and Andrea Janes",
keywords = "Recommendation system for software engineering, Systematic literature review"
}
@article{SHEPPERD2018,
title = "The role and value of replication in empirical software engineering results",
journal = "Information and Software Technology",
year = "2018",
issn = "0950-5849",
doi = "https://doi.org/10.1016/j.infsof.2018.01.006",
url = "http://www.sciencedirect.com/science/article/pii/S0950584917304305",
author = "Martin Shepperd and Nemitari Ajienka and Steve Counsell",
keywords = "Software engineering, Experiment, Reliability, Replication, Meta-analysis"
}
@article{MAALEJ2017267,
title = "Using contexts similarity to predict relationships between tasks",
journal = "Journal of Systems and Software",
volume = "128",
pages = "267 - 284",
year = "2017",
issn = "0164-1212",
doi = "https://doi.org/10.1016/j.jss.2016.11.033",
url = "http://www.sciencedirect.com/science/article/pii/S0164121216302357",
author = "Walid Maalej and Mathias Ellmann and Romain Robbes",
keywords = "Task context, Task dependencies, Task management, Developer productivity, Empirical study, Recommender systems"
}
@article{TIWANA2004899,
title = "An empirical study of the effect of knowledge integration on software development performance",
journal = "Information and Software Technology",
volume = "46",
number = "13",
pages = "899 - 906",
year = "2004",
issn = "0950-5849",
doi = "https://doi.org/10.1016/j.infsof.2004.03.006",
url = "http://www.sciencedirect.com/science/article/pii/S0950584904000618",
author = "Amrit Tiwana",
keywords = "Knowledge management, Knowledge integration, Software development performance, Software quality"
}
@article{CARILLO2017322,
title = "What makes a good contributor? Understanding contributor behavior within large Free/Open Source Software projects – A socialization perspective",
journal = "The Journal of Strategic Information Systems",
volume = "26",
number = "4",
pages = "322 - 359",
year = "2017",
issn = "0963-8687",
doi = "https://doi.org/10.1016/j.jsis.2017.03.001",
url = "http://www.sciencedirect.com/science/article/pii/S0963868716301196",
author = "Kevin Carillo and Sid Huff and Brenda Chawner",
keywords = "Free/Open Source Software project, Free/Open Source Software community, Socialization, Citizenship behaviors, Mixed-methods"
}
@incollection{RANGANATH201643,
title = "Embrace dynamic artifacts",
editor = "Tim Menzies and Laurie Williams and Thomas Zimmermann",
booktitle = "Perspectives on Data Science for Software Engineering",
publisher = "Morgan Kaufmann",
address = "Boston",
pages = "43 - 46",
year = "2016",
isbn = "978-0-12-804206-9",
doi = "https://doi.org/10.1016/B978-0-12-804206-9.00008-8",
url = "http://www.sciencedirect.com/science/article/pii/B9780128042069000088",
author = "Venkatesh-Prasad Ranganath",
keywords = "Dynamic artifacts, Pattern mining, Software testing, Debugging"
}
@article{GANDAL2016270,
title = "Network dynamics and knowledge transfer in virtual organisations",
journal = "International Journal of Industrial Organization",
volume = "48",
pages = "270 - 290",
year = "2016",
issn = "0167-7187",
doi = "https://doi.org/10.1016/j.ijindorg.2016.06.010",
url = "http://www.sciencedirect.com/science/article/pii/S0167718716301278",
author = "Neil Gandal and Uriel Stettner",
keywords = "Network dynamics, Knowledge spillovers, Modification of code, Social network, Open source"
}
@article{SILVEIRANETO2013872,
title = "25 years of software engineering in Brazil: Beyond an insider's view",
journal = "Journal of Systems and Software",
volume = "86",
number = "4",
pages = "872 - 889",
year = "2013",
note = "SI : Software Engineering in Brazil: Retrospective and Prospective Views",
issn = "0164-1212",
doi = "https://doi.org/10.1016/j.jss.2012.10.041",
url = "http://www.sciencedirect.com/science/article/pii/S0164121212002981",
author = "Paulo Anselmo da Mota Silveira Neto and Joás Sousa Gomes and Eduardo Santana de Almeida and Jair Cavalcanti Leite and Thais Vasconcelos Batista and Larissa Leite",
keywords = "Mapping study, Expert opinion survey, Software engineering"
}
@article{LOPEZFERNANDEZ20181,
title = "S2P: A software tool to quickly carry out reproducible biomedical research projects involving 2D-gel and MALDI-TOF MS protein data",
journal = "Computer Methods and Programs in Biomedicine",
volume = "155",
pages = "1 - 9",
year = "2018",
issn = "0169-2607",
doi = "https://doi.org/10.1016/j.cmpb.2017.11.024",
url = "http://www.sciencedirect.com/science/article/pii/S0169260717310702",
author = "Hugo López-Fernández and José E. Araújo and Susana Jorge and Daniel Glez-Peña and Miguel Reboiro-Jato and Hugo M. Santos and Florentino Fdez-Riverola and José L. Capelo",
keywords = "Protein identification, Data processing, 2D-gel, MALDI-TOF-MS, LC-MS/MS, emPAI"
}
@article{HARISON2010351,
title = "Applying open innovation in business strategies: Evidence from Finnish software firms",
journal = "Research Policy",
volume = "39",
number = "3",
pages = "351 - 359",
year = "2010",
issn = "0048-7333",
doi = "https://doi.org/10.1016/j.respol.2010.01.008",
url = "http://www.sciencedirect.com/science/article/pii/S0048733310000223",
author = "Elad Harison and Heli Koski",
keywords = "Open innovation, Software supply strategies, Open Source"
}
@article{OWENS2018804,
title = "Using experiential marine debris education to make an impact: Collecting debris, informing policy makers, and influencing students",
journal = "Marine Pollution Bulletin",
volume = "127",
pages = "804 - 810",
year = "2018",
issn = "0025-326X",
doi = "https://doi.org/10.1016/j.marpolbul.2017.10.004",
url = "http://www.sciencedirect.com/science/article/pii/S0025326X17308056",
author = "Katharine A. Owens",
keywords = "Marine debris, Experiential, Policy, Long Island Sound, Attitudes, Behavior, Knowledge"
}
@incollection{SHEKHOVTSOV201441,
title = "Chapter 3 - Harmonizing the Quality View of Stakeholders",
editor = "Ivan Mistrik and Rami Bahsoon and Peter Eeles and Roshanak Roshandel and Michael Stal",
booktitle = "Relating System Quality and Software Architecture",
publisher = "Morgan Kaufmann",
address = "Boston",
pages = "41 - 73",
year = "2014",
isbn = "978-0-12-417009-4",
doi = "https://doi.org/10.1016/B978-0-12-417009-4.00003-X",
url = "http://www.sciencedirect.com/science/article/pii/B978012417009400003X",
author = "Vladimir A. Shekhovtsov and Heinrich C. Mayr and Christian Kop",
keywords = "Business stakeholder involvement, Quality perception, Software process"
}
@article{PEDREIRA2015157,
title = "Gamification in software engineering – A systematic mapping",
journal = "Information and Software Technology",
volume = "57",
pages = "157 - 168",
year = "2015",
issn = "0950-5849",
doi = "https://doi.org/10.1016/j.infsof.2014.08.007",
url = "http://www.sciencedirect.com/science/article/pii/S0950584914001980",
author = "Oscar Pedreira and Félix García and Nieves Brisaboa and Mario Piattini",
keywords = "Gamification, Software engineering, Systematic mapping"
}
@article{MARBAN200987,
title = "Toward data mining engineering: A software engineering approach",
journal = "Information Systems",
volume = "34",
number = "1",
pages = "87 - 107",
year = "2009",
issn = "0306-4379",
doi = "https://doi.org/10.1016/j.is.2008.04.003",
url = "http://www.sciencedirect.com/science/article/pii/S0306437908000355",
author = "Oscar Marbán and Javier Segovia and Ernestina Menasalvas and Covadonga Fernández-Baizán",
keywords = "Data mining, Software engineering, Knowledge engineering"
}
@article{BEDNARIK2012143,
title = "Expertise-dependent visual attention strategies develop over time during debugging with multiple code representations",
journal = "International Journal of Human-Computer Studies",
volume = "70",
number = "2",
pages = "143 - 155",
year = "2012",
issn = "1071-5819",
doi = "https://doi.org/10.1016/j.ijhcs.2011.09.003",
url = "http://www.sciencedirect.com/science/article/pii/S1071581911001388",
author = "Roman Bednarik",
keywords = "Expertise in programming, Visual attention, Program debugging"
}
@article{ALONSO2017159,
title = "Antibiogramj: A tool for analysing images from disk diffusion tests",
journal = "Computer Methods and Programs in Biomedicine",
volume = "143",
pages = "159 - 169",
year = "2017",
issn = "0169-2607",
doi = "https://doi.org/10.1016/j.cmpb.2017.03.010",
url = "http://www.sciencedirect.com/science/article/pii/S0169260716312895",
author = "C.A. Alonso and C. Domínguez and J. Heras and E. Mata and V. Pascual and C. Torres and M. Zarazaga",
keywords = "Antibiograms, Inhibition zone reader, Disk diffusion test, ImageJ, OpenCV, Learning system"
}
@article{WANDERLEY20151001,
title = "Proposal of Risk Management Metrics for Multiple Project Software Development",
journal = "Procedia Computer Science",
volume = "64",
pages = "1001 - 1009",
year = "2015",
note = "Conference on ENTERprise Information Systems/International Conference on Project MANagement/Conference on Health and Social Care Information Systems and Technologies, CENTERIS/ProjMAN / HCist 2015 October 7-9, 2015",
issn = "1877-0509",
doi = "https://doi.org/10.1016/j.procs.2015.08.619",
url = "http://www.sciencedirect.com/science/article/pii/S1877050915027544",
author = "Miguel Wanderley and Júlio Menezes and Cristine Gusmão and Filipe Lima",
keywords = "risk management, metrics, multiple project management, software engineering."
}
@article{OBERG200336,
title = "Open Source Software: An Introduction from a Serialist's Perspective",
journal = "Serials Review",
volume = "29",
number = "1",
pages = "36 - 39",
year = "2003",
issn = "0098-7913",
doi = "https://doi.org/10.1016/S0098-7913(03)00002-9",
url = "http://www.sciencedirect.com/science/article/pii/S0098791303000029",
author = "Steve Oberg"
}
@article{MOE2010480,
title = "A teamwork model for understanding an agile team: A case study of a Scrum project",
journal = "Information and Software Technology",
volume = "52",
number = "5",
pages = "480 - 491",
year = "2010",
note = "TAIC-PART 2008",
issn = "0950-5849",
doi = "https://doi.org/10.1016/j.infsof.2009.11.004",
url = "http://www.sciencedirect.com/science/article/pii/S0950584909002043",
author = "Nils Brede Moe and Torgeir Dingsøyr and Tore Dybå",
keywords = "Agile software development, Scrum, Software engineering, Teamwork, Empirical software engineering, Case study"
}
@article{ERIKSSON199297,
title = "A survey of knowledge acquisition techniques and tools and their relationship to software engineering",
journal = "Journal of Systems and Software",
volume = "19",
number = "1",
pages = "97 - 107",
year = "1992",
issn = "0164-1212",
doi = "https://doi.org/10.1016/0164-1212(92)90023-D",
url = "http://www.sciencedirect.com/science/article/pii/016412129290023D",
author = "Henrik Eriksson"
}
@article{KOTZE2008979,
title = "Don’t do this – Pitfalls in using anti-patterns in teaching human–computer interaction principles",
journal = "Computers & Education",
volume = "50",
number = "3",
pages = "979 - 1008",
year = "2008",
issn = "0360-1315",
doi = "https://doi.org/10.1016/j.compedu.2006.10.003",
url = "http://www.sciencedirect.com/science/article/pii/S0360131506001485",
author = "Paula Kotzé and Karen Renaud and Judy van Biljon",
keywords = "Human–computer interface, Improving classroom teaching, Pedagogical issues, Teaching strategies"
}
@article{SEGUNDO2015257,
title = "Automatic construction of Fuzzy Inference Systems for computerized clinical guidelines and protocols",
journal = "Applied Soft Computing",
volume = "26",
pages = "257 - 269",
year = "2015",
issn = "1568-4946",
doi = "https://doi.org/10.1016/j.asoc.2014.09.045",
url = "http://www.sciencedirect.com/science/article/pii/S1568494614004980",
author = "Unai Segundo and Javier López-Cuadrado and Luis Aldamiz-Echevarria and Tomás A. Pérez and David Buenestado and Ander Iruetaguena and Raúl Barrena and Juan M. Pikatza",
keywords = "Model-Driven Software Engineering, Fuzzy Inference System, Differential diagnosis, Computerized clinical guideline, Hyperammonemia rare disease, Domain specific editors"
}
@article{WANG201493,
title = "An automated tool for semantic accessing to formal software models",
journal = "Science of Computer Programming",
volume = "95",
pages = "93 - 111",
year = "2014",
note = "Special Issue on Systems Development by Means of Semantic Technologies",
issn = "0167-6423",
doi = "https://doi.org/10.1016/j.scico.2014.02.027",
url = "http://www.sciencedirect.com/science/article/pii/S016764231400094X",
author = "Hai H. Wang and Danica Damljanovic and Jing Sun",
keywords = "Semantic Web, Ontology, Formal method, Software engineering"
}
@article{COLANZI2013970,
title = "Search Based Software Engineering: Review and analysis of the field in Brazil",
journal = "Journal of Systems and Software",
volume = "86",
number = "4",
pages = "970 - 984",
year = "2013",
note = "SI : Software Engineering in Brazil: Retrospective and Prospective Views",
issn = "0164-1212",
doi = "https://doi.org/10.1016/j.jss.2012.07.041",
url = "http://www.sciencedirect.com/science/article/pii/S0164121212002166",
author = "Thelma Elita Colanzi and Silvia Regina Vergilio and Wesley Klewerton Guez Assunção and Aurora Pozo",
keywords = "Search based algorithms, Metaheuristics, Software engineering"
}
@article{SCOTT201456,
title = "Are learning styles useful indicators to discover how students use Scrum for the first time?",
journal = "Computers in Human Behavior",
volume = "36",
pages = "56 - 64",
year = "2014",
issn = "0747-5632",
doi = "https://doi.org/10.1016/j.chb.2014.03.027",
url = "http://www.sciencedirect.com/science/article/pii/S0747563214001496",
author = "Ezequiel Scott and Guillermo Rodríguez and Álvaro Soria and Marcelo Campo",
keywords = "Software Engineering, Agile software development, Software Engineering education, Learning styles"
}
@article{CORBIN20071494,
title = "A three-tier knowledge management scheme for software engineering support and innovation",
journal = "Journal of Systems and Software",
volume = "80",
number = "9",
pages = "1494 - 1505",
year = "2007",
note = "Evaluation and Assessment in Software Engineering",
issn = "0164-1212",
doi = "https://doi.org/10.1016/j.jss.2007.01.013",
url = "http://www.sciencedirect.com/science/article/pii/S016412120700009X",
author = "Richard D. Corbin and Christopher B. Dunbar and Qiuming Zhu",
keywords = "Knowledge management, Software engineering process, Software system support, Technology innovation, Human and system interaction"
}
@article{ACUNA2015141,
title = "Are team personality and climate related to satisfaction and software quality? Aggregating results from a twice replicated experiment",
journal = "Information and Software Technology",
volume = "57",
pages = "141 - 156",
year = "2015",
issn = "0950-5849",
doi = "https://doi.org/10.1016/j.infsof.2014.09.002",
url = "http://www.sciencedirect.com/science/article/pii/S0950584914002018",
author = "Silvia T. Acuña and Marta N. Gómez and Jo E. Hannay and Natalia Juristo and Dietmar Pfahl",
keywords = "Personality factors, Team climate, Software quality, Satisfaction, Replication, Meta-analysis"
}
@article{COLOMOPALACIOS2013456,
title = "Competence gaps in software personnel: A multi-organizational study",
journal = "Computers in Human Behavior",
volume = "29",
number = "2",
pages = "456 - 461",
year = "2013",
note = "Advanced Human-Computer Interaction",
issn = "0747-5632",
doi = "https://doi.org/10.1016/j.chb.2012.04.021",
url = "http://www.sciencedirect.com/science/article/pii/S0747563212001252",
author = "Ricardo Colomo-Palacios and Cristina Casado-Lumbreras and Pedro Soto-Acosta and Francisco J. García-Peñalvo and Edmundo Tovar-Caro",
keywords = "Competence gaps, Software workers, Career ladder, Software engineering"
}
@article{MANUBENS201829,
title = "An R package for climate forecast verification",
journal = "Environmental Modelling & Software",
volume = "103",
pages = "29 - 42",
year = "2018",
issn = "1364-8152",
doi = "https://doi.org/10.1016/j.envsoft.2018.01.018",
url = "http://www.sciencedirect.com/science/article/pii/S1364815217302219",
author = "Nicolau Manubens and Louis-Philippe Caron and Alasdair Hunter and Omar Bellprat and Eleftheria Exarchou and Neven S. Fučkar and Javier Garcia-Serrano and François Massonnet and Martin Ménégoz and Valentina Sicardi and Lauriane Batté and Chloé Prodhomme and Verónica Torralba and Nicola Cortesi and Oriol Mula-Valls and Kim Serradell and Virginie Guemas and Francisco J. Doblas-Reyes",
keywords = "Forecast verification, Climate forecast, Skill score, R package"
}
@article{JENA2017222,
title = "Energy Efficient Task Scheduling in Cloud Environment",
journal = "Energy Procedia",
volume = "141",
pages = "222 - 227",
year = "2017",
note = "Power and Energy Systems Engineering",
issn = "1876-6102",
doi = "https://doi.org/10.1016/j.egypro.2017.11.096",
url = "http://www.sciencedirect.com/science/article/pii/S1876610217355054",
author = "R.K. Jena",
keywords = "Task Scheduling, Cloud Computing, CloudSim, Clonal Selection Algorithm"
}
@article{WU201743,
title = "SunwayMR: A distributed parallel computing framework with convenient data-intensive applications programming",
journal = "Future Generation Computer Systems",
volume = "71",
pages = "43 - 56",
year = "2017",
issn = "0167-739X",
doi = "https://doi.org/10.1016/j.future.2017.01.018",
url = "http://www.sciencedirect.com/science/article/pii/S0167739X17300584",
author = "Renke Wu and Linpeng Huang and Peng Yu and Haojie Zhou",
keywords = "Parallel processing, Computer software, Software engineering, Software development environment and technique, Distributed programming and environment, SunwayMR"
}