@article{LABIALE1992257,
title = "A Software System for Designing and Evaluating In-car Information System Interfaces",
journal = "IFAC Proceedings Volumes",
volume = "25",
number = "9",
pages = "257 - 262",
year = "1992",
note = "5th IFAC Symposium on Analysis, Design and Evaluation of Man-Machine Systems (MMS'92), The Hague, The Netherlands, 9-11 June 1992",
issn = "1474-6670",
doi = "https://doi.org/10.1016/S1474-6670(17)50201-3",
url = "http://www.sciencedirect.com/science/article/pii/S1474667017502013",
author = "G. Labiale and K. Ouadou and B.T. David",
keywords = "Software tools, display systems, man-machine systems, human factors, system theory, vehicles, In-car information system, user interface prototyping"
}
@article{HALANG199899,
title = "A Cognitive Technology Approach to the Verification of Safety Critical Control Software",
journal = "IFAC Proceedings Volumes",
volume = "31",
number = "14",
pages = "99 - 104",
year = "1998",
note = "23rd IFAC/IFIP Workshop on Real Time Programming 1998 (WRTP '98)., Shantou, China, 23-25 June",
issn = "1474-6670",
doi = "https://doi.org/10.1016/S1474-6670(17)44879-8",
url = "http://www.sciencedirect.com/science/article/pii/S1474667017448798",
author = "W.A. Halang and B. Gorayska",
keywords = "Safety critical control, software verification, cognitive technology, simplicity, cause effect tables, function block diagrams"
}
@article{EHRICH1983655,
title = "DMS—A system for defining and managing human-computer dialogues",
journal = "Automatica",
volume = "19",
number = "6",
pages = "655 - 662",
year = "1983",
issn = "0005-1098",
doi = "https://doi.org/10.1016/0005-1098(83)90029-8",
url = "http://www.sciencedirect.com/science/article/pii/0005109883900298",
author = "R.W. Ehrich",
keywords = "Computer software, dialogue, dialogue management, DMS, human-computer, tools"
}
@article{GRAHAM2014132,
title = "Vesper: Visualising species archives",
journal = "Ecological Informatics",
volume = "24",
pages = "132 - 147",
year = "2014",
issn = "1574-9541",
doi = "https://doi.org/10.1016/j.ecoinf.2014.08.004",
url = "http://www.sciencedirect.com/science/article/pii/S1574954114001113",
author = "Martin Graham and Jessie Kennedy",
keywords = "Information visualisation, Data quality, Darwin Core Archive, Open source, Biodiversity"
}
@article{NGUYEN198943,
title = "Schema evolution in object-oriented database systems",
journal = "Data & Knowledge Engineering",
volume = "4",
number = "1",
pages = "43 - 67",
year = "1989",
issn = "0169-023X",
doi = "https://doi.org/10.1016/0169-023X(89)90004-9",
url = "http://www.sciencedirect.com/science/article/pii/0169023X89900049",
author = "G.T. Nguyen and D. Rieu",
keywords = "Object-oriented models, Databases, Dynamic schemas, Inheritance Propagation, Classification"
}
@article{EHRICH1982327,
title = "DMS — A System for Defining and Managing Human-Computer Dialogues",
journal = "IFAC Proceedings Volumes",
volume = "15",
number = "6",
pages = "327 - 334",
year = "1982",
note = "IFAC/IFIP/IFORS/IEA Conference on Analysis, Design and Evaluation of Man-Machine Systems, Baden-Baden, FRG, 27-29 September",
issn = "1474-6670",
doi = "https://doi.org/10.1016/S1474-6670(17)62924-0",
url = "http://www.sciencedirect.com/science/article/pii/S1474667017629240",
author = "R.W. Ehrich",
keywords = "Computer software, dialogue, DMS, human-computer, tools"
}
@article{BOUJARWAH1997617,
title = "Compiler test case generation methods: a survey and assessment",
journal = "Information and Software Technology",
volume = "39",
number = "9",
pages = "617 - 625",
year = "1997",
issn = "0950-5849",
doi = "https://doi.org/10.1016/S0950-5849(97)00017-7",
url = "http://www.sciencedirect.com/science/article/pii/S0950584997000177",
author = "A.S. Boujarwah and K. Saleh",
keywords = "Compiler, Test case generation, Software testing, Test suite"
}
@article{HAGIHARA2011173,
title = "Minimizing errors in the analysis of dive recordings from shallow-diving animals",
journal = "Journal of Experimental Marine Biology and Ecology",
volume = "399",
number = "2",
pages = "173 - 181",
year = "2011",
issn = "0022-0981",
doi = "https://doi.org/10.1016/j.jembe.2011.01.001",
url = "http://www.sciencedirect.com/science/article/pii/S0022098111000049",
author = "Rie Hagihara and Rhondda E. Jones and James K. Sheppard and Amanda J. Hodgson and Helene Marsh",
keywords = "Coastal animal, Dive analysis software, Dive threshold, Dugong, Time-depth recorder (TDR), Zero-offset correction (ZOC)"
}
@article{MILLEN1981159,
title = "An experiment with affirm and HDM",
journal = "Journal of Systems and Software",
volume = "2",
number = "2",
pages = "159 - 175",
year = "1981",
issn = "0164-1212",
doi = "https://doi.org/10.1016/0164-1212(81)90036-4",
url = "http://www.sciencedirect.com/science/article/pii/0164121281900364",
author = "Jonathan K. Millen and David L. Drake"
}
@article{MALEIKE200972,
title = "Interactive segmentation framework of the Medical Imaging Interaction Toolkit",
journal = "Computer Methods and Programs in Biomedicine",
volume = "96",
number = "1",
pages = "72 - 83",
year = "2009",
issn = "0169-2607",
doi = "https://doi.org/10.1016/j.cmpb.2009.04.004",
url = "http://www.sciencedirect.com/science/article/pii/S0169260709001229",
author = "D. Maleike and M. Nolden and H.-P. Meinzer and I. Wolf",
keywords = "Framework, Interaction, Segmentation, Application"
}
@article{KWOK1996695,
title = "A security officer's workbench",
journal = "Computers & Security",
volume = "15",
number = "8",
pages = "695 - 705",
year = "1996",
issn = "0167-4048",
doi = "https://doi.org/10.1016/S0167-4048(97)89722-2",
url = "http://www.sciencedirect.com/science/article/pii/S0167404897897222",
author = "Lam For Kwok and Dennis Longley",
keywords = "Risk analysis, Risk Data Repository, Risk model, Tools, Hypertext"
}
@article{OXLEY2004999,
title = "Integrated modelling and decision-support tools: a Mediterranean example",
journal = "Environmental Modelling & Software",
volume = "19",
number = "11",
pages = "999 - 1010",
year = "2004",
note = "Integrated Catchment Modelling and Decision Support",
issn = "1364-8152",
doi = "https://doi.org/10.1016/j.envsoft.2003.11.003",
url = "http://www.sciencedirect.com/science/article/pii/S136481520300255X",
author = "T. Oxley and B.S. McIntosh and N. Winder and M. Mulligan and G. Engelen",
keywords = "MODULUS, Decision-support systems, Integrated modelling, Policy-support"
}
@article{HANSEN198963,
title = "Integrating relational databases and constraint languages",
journal = "Computer Languages",
volume = "14",
number = "2",
pages = "63 - 82",
year = "1989",
issn = "0096-0551",
doi = "https://doi.org/10.1016/0096-0551(89)90014-3",
url = "http://www.sciencedirect.com/science/article/pii/0096055189900143",
author = "Michael R. Hansen and Bo S. Hansen and Peter Lucas and Peter van Emde Boas",
keywords = "Application software development, Constraints, Rules, Deductive database"
}
@article{DUTTAMAJUMDER1988391,
title = "A unified approach to artificial intelligence, pattern recognition, image processing and computer vision in fifth-generation computer systems",
journal = "Information Sciences",
volume = "45",
number = "3",
pages = "391 - 431",
year = "1988",
issn = "0020-0255",
doi = "https://doi.org/10.1016/0020-0255(88)90013-8",
url = "http://www.sciencedirect.com/science/article/pii/0020025588900138",
author = "D. Dutta Majumder"
}
@article{SANTOS1995401,
title = "A heterogeneous computer vision architecture: Implementation issues",
journal = "Computing Systems in Engineering",
volume = "6",
number = "4",
pages = "401 - 408",
year = "1995",
note = "International Meeting on Vector and Parallel Processing",
issn = "0956-0521",
doi = "https://doi.org/10.1016/0956-0521(95)00029-1",
url = "http://www.sciencedirect.com/science/article/pii/0956052195000291",
author = "Henrique Dinis Santos and JoséCarlos Ramalho and João Miguel Fernandes and Alberto José Proença"
}
@article{LUDWIG2003621,
title = "Web-based modelling of energy, water and matter fluxes to support decision making in mesoscale catchments––the integrative perspective of GLOWA-Danube",
journal = "Physics and Chemistry of the Earth, Parts A/B/C",
volume = "28",
number = "14",
pages = "621 - 634",
year = "2003",
note = "Design and application of decision-support systems for integrated water management: lessons to be learned",
issn = "1474-7065",
doi = "https://doi.org/10.1016/S1474-7065(03)00108-6",
url = "http://www.sciencedirect.com/science/article/pii/S1474706503001086",
author = "R Ludwig and W Mauser and S Niemeyer and A Colgan and R Stolz and H Escher-Vetter and M Kuhn and M Reichstein and J Tenhunen and A Kraus and M Ludwig and M Barth and R Hennicker",
keywords = "GLOWA-Danube, DANUBIA, Decision support system, Web-based modelling, Integration"
}
@article{BROOKE2002389,
title = "Information systems at CallCentre",
journal = "International Journal of Information Management",
volume = "22",
number = "5",
pages = "389 - 401",
year = "2002",
issn = "0268-4012",
doi = "https://doi.org/10.1016/S0268-4012(02)00029-4",
url = "http://www.sciencedirect.com/science/article/pii/S0268401202000294",
author = "Carole Brooke",
keywords = "Information systems, Scenarios, Legacy, CallCentre, Organisational change"
}
@article{GAINES19861,
title = "From timesharing to the sixth generation: the development of human-computer interaction. Part I",
journal = "International Journal of Man-Machine Studies",
volume = "24",
number = "1",
pages = "1 - 27",
year = "1986",
issn = "0020-7373",
doi = "https://doi.org/10.1016/S0020-7373(86)80037-2",
url = "http://www.sciencedirect.com/science/article/pii/S0020737386800372",
author = "Brian R. Gaines and Mildred L.G. Shaw"
}
@article{JAMES199187,
title = "Software tools for distributed intelligent control systems",
journal = "IFAC Proceedings Volumes",
volume = "24",
number = "10",
pages = "87 - 90",
year = "1991",
note = "3rd IFAC Workshop on Artificial Intelligence in Real-Time Control 1991, California, USA, 23-25 September 1991",
issn = "1474-6670",
doi = "https://doi.org/10.1016/B978-0-08-041698-4.50018-4",
url = "http://www.sciencedirect.com/science/article/pii/B9780080416984500184",
author = "J.R. James and C.J. Herget",
keywords = "intelligent control, expert systems, knowledge representation, distributed processing, learning, propagation of uncertainty, possibility theory, diagnosis, reconfiguration, decision aids"
}
@article{DECASTRO201439,
title = "The Gradual Merging of Repository and CRIS Solutions to Meet Institutional Research Information Management Requirements",
journal = "Procedia Computer Science",
volume = "33",
pages = "39 - 46",
year = "2014",
note = "12th International Conference on Current Research Information Systems, CRIS 2014",
issn = "1877-0509",
doi = "https://doi.org/10.1016/j.procs.2014.06.007",
url = "http://www.sciencedirect.com/science/article/pii/S1877050914007972",
author = "Pablo de Castro and Kathleen Shearer and Friedrich Summann",
keywords = "Research Information Management, System Interoperability, Current Research Information Systems, Institutional Repositories, Data Exchange, Metadata Standards"
}
@article{HASSINE2010326,
title = "An evaluation of timed scenario notations",
journal = "Journal of Systems and Software",
volume = "83",
number = "2",
pages = "326 - 350",
year = "2010",
note = "Computer Software and Applications",
issn = "0164-1212",
doi = "https://doi.org/10.1016/j.jss.2009.09.014",
url = "http://www.sciencedirect.com/science/article/pii/S0164121209002313",
author = "Jameleddine Hassine and Juergen Rilling and Rachida Dssouli",
keywords = "Requirements engineering, Functional, Non-functional, Model, Analyze, Timed scenarios, Classification"
}
@article{SOUISSI2005705,
title = "Describing space-time patterns in aquatic ecology using IBMs and scaling and multi-scaling approaches",
journal = "Nonlinear Analysis: Real World Applications",
volume = "6",
number = "4",
pages = "705 - 730",
year = "2005",
note = "Modelling, Analysis, and Theory of Dynamic Populations",
issn = "1468-1218",
doi = "https://doi.org/10.1016/j.nonrwa.2004.12.013",
url = "http://www.sciencedirect.com/science/article/pii/S1468121804001154",
author = "Sami Souissi and Laurent Seuront and François G. Schmitt and Vincent Ginot",
keywords = "Individual-based models (IBM), Copepod population, Spatial patterns, Scaling and multi-scaling"
}
@article{BOUJARWAH1994607,
title = "Compiler test suite: evaluation and use in an automated test environment",
journal = "Information and Software Technology",
volume = "36",
number = "10",
pages = "607 - 614",
year = "1994",
issn = "0950-5849",
doi = "https://doi.org/10.1016/0950-5849(94)90020-5",
url = "http://www.sciencedirect.com/science/article/pii/0950584994900205",
author = "A Boujarwah and K Saleh",
keywords = "compiler, instrumentation, software testing, test coverage, test suite"
}
@article{HUANG2005181,
title = "Performance analysis of software reliability growth models with testing-effort and change-point",
journal = "Journal of Systems and Software",
volume = "76",
number = "2",
pages = "181 - 194",
year = "2005",
issn = "0164-1212",
doi = "https://doi.org/10.1016/j.jss.2004.04.024",
url = "http://www.sciencedirect.com/science/article/pii/S0164121204000901",
author = "Chin-Yu Huang",
keywords = "Software reliability, Software testing, Non-Homogeneous Poisson Process (NHPP), Change-point, Testing-effort"
}
@article{HALANG199025,
title = "A Concept of a Computer System for the Execution of Safety Critical Licensable Software Programmed in a High Level Language",
journal = "IFAC Proceedings Volumes",
volume = "23",
number = "6",
pages = "25 - 30",
year = "1990",
note = "IFAC/EWICS/SARS Symposium on Safety of Computer Control Systems 1990 (SAFECOMP'90), Gatwick, UK, 30 October-November 2, 1990",
issn = "1474-6670",
doi = "https://doi.org/10.1016/S1474-6670(17)52172-2",
url = "http://www.sciencedirect.com/science/article/pii/S1474667017521722",
author = "W.A. Halang and Soon-Key Jung",
keywords = "Computer architecture, computer control, high integrity software, high level languages, programmable controllers, programming environments, real time computer systems, safety critical automation, safety licencing, software engineering"
}
@article{JAMES199187,
title = "Software tools for distributed intelligent control systems",
journal = "Annual Review in Automatic Programming",
volume = "16",
pages = "87 - 90",
year = "1991",
note = "Artificial Intelligence in Real-time Control 1991",
issn = "0066-4138",
doi = "https://doi.org/10.1016/0066-4138(91)90014-3",
url = "http://www.sciencedirect.com/science/article/pii/0066413891900143",
author = "J.R James and C.J Herget",
keywords = "intelligent control, expert systems, knowledge representation, distributed processing, learning, propagation of uncertainty, possibility theory, diagnosis, reconfiguration, decision aids"
}
@article{WIEGNER1993427,
title = "The software product feedback flow model for development planning",
journal = "Information and Software Technology",
volume = "35",
number = "8",
pages = "427 - 438",
year = "1993",
issn = "0950-5849",
doi = "https://doi.org/10.1016/0950-5849(93)90040-A",
url = "http://www.sciencedirect.com/science/article/pii/095058499390040A",
author = "RT Wiegner and SY Nof",
keywords = "high-level modelling, software product development planning, development time and cost, product-quality based development, feedback planning models, development metrics, project management"
}
@article{BURBIDGE2014422,
title = "High Profile Systems Illustrating Contradistinctive Aspects of Systems Engineering",
journal = "Procedia Computer Science",
volume = "28",
pages = "422 - 429",
year = "2014",
note = "2014 Conference on Systems Engineering Research",
issn = "1877-0509",
doi = "https://doi.org/10.1016/j.procs.2014.03.052",
url = "http://www.sciencedirect.com/science/article/pii/S187705091400115X",
author = "Adam Burbidge and Larry Doyle and Michael Pennotti",
keywords = "embedded software, change tolerance, requirements management"
}
@incollection{DAY1993333,
title = "Human Factors in Human–Computer System Design",
editor = "Marshall C. Yovits",
series = "Advances in Computers",
publisher = "Elsevier",
volume = "36",
pages = "333 - 430",
year = "1993",
issn = "0065-2458",
doi = "https://doi.org/10.1016/S0065-2458(08)60274-0",
url = "http://www.sciencedirect.com/science/article/pii/S0065245808602740",
author = "Mary Carol Day and Susan J. Boyce"
}
@article{JACOBS199261,
title = "DIMOS : Distributed Monitoring System. From Specifications to Delivery, the Realization of a Nuclear Power Plant Supervision System Using HOOD and ADA",
journal = "IFAC Proceedings Volumes",
volume = "25",
number = "11",
pages = "61 - 66",
year = "1992",
note = "IFAC Workshop on Real Time Programming (WRTP'92), Bruges, Belgium, 23-26 June 1992",
issn = "1474-6670",
doi = "https://doi.org/10.1016/S1474-6670(17)50125-1",
url = "http://www.sciencedirect.com/science/article/pii/S1474667017501251",
author = "P. Jacobs and D. Pluvinage",
keywords = "Monitoring, Alarm systems, Nuclear plants, Power station control, Software development, Programming environments, Computer Applications, Distributed data processing, Parallel Processing, Real time computer systems"
}
@article{ALI201335,
title = "Reasoning with contextual requirements: Detecting inconsistency and conflicts",
journal = "Information and Software Technology",
volume = "55",
number = "1",
pages = "35 - 57",
year = "2013",
note = "Special section: Best papers from the 2nd International Symposium on Search Based Software Engineering 2010",
issn = "0950-5849",
doi = "https://doi.org/10.1016/j.infsof.2012.06.013",
url = "http://www.sciencedirect.com/science/article/pii/S0950584912001255",
author = "Raian Ali and Fabiano Dalpiaz and Paolo Giorgini",
keywords = "Requirements engineering, Contextual requirements, Goal modelling, Consistency and conflicts analysis, Adaptive systems engineering"
}
@article{NARRO200757,
title = "NeuronMetrics: Software for semi-automated processing of cultured neuron images",
journal = "Brain Research",
volume = "1138",
pages = "57 - 75",
year = "2007",
issn = "0006-8993",
doi = "https://doi.org/10.1016/j.brainres.2006.10.094",
url = "http://www.sciencedirect.com/science/article/pii/S000689930603215X",
author = "Martha L. Narro and Fan Yang and Robert Kraft and Carola Wenk and Alon Efrat and Linda L. Restifo",
keywords = ", Mushroom body, Software development, Cell-based assay, Convex hull, Branch count, Fasciculation, Neurite arbor"
}
@article{LEUNG2007480,
title = "Program entanglement, feature interaction and the feature language extensions",
journal = "Computer Networks",
volume = "51",
number = "2",
pages = "480 - 495",
year = "2007",
note = "Feature Interaction",
issn = "1389-1286",
doi = "https://doi.org/10.1016/j.comnet.2006.08.002",
url = "http://www.sciencedirect.com/science/article/pii/S1389128606002180",
author = "Wu-Hon F. Leung",
keywords = "Feature interaction, Program entanglement, Programming language, Feature interaction resolution, Reusable programs, Exception handling, Inheritance"
}
@article{JAKER199183,
title = "Tool Integration by Way of a Computer-Aided Mechatronic Laboratory (CaMeL)",
journal = "IFAC Proceedings Volumes",
volume = "24",
number = "4",
pages = "83 - 88",
year = "1991",
note = "IFAC Symposium on Computer Aided Design in Control Systems, Swansea, UK, 15-17 July 1991",
issn = "1474-6670",
doi = "https://doi.org/10.1016/S1474-6670(17)54251-2",
url = "http://www.sciencedirect.com/science/article/pii/S1474667017542512",
author = "K.P. Jäker and P. Klingebiel and U. Lefarth and J. Lückel and J. Richert and R. Rutz",
keywords = "Computer-Aided Design, Control System Design, Hierarchical Systems, Laboratory Techniques, Management Systems, Parallel Processing, Parameter Optimization, Software Development"
}
@article{MENDONCA2010311,
title = "Decision-making coordination and efficient reasoning techniques for feature-based configuration",
journal = "Science of Computer Programming",
volume = "75",
number = "5",
pages = "311 - 332",
year = "2010",
note = "Coordination Models, Languages and Applications (SAC’08)",
issn = "0167-6423",
doi = "https://doi.org/10.1016/j.scico.2009.12.004",
url = "http://www.sciencedirect.com/science/article/pii/S0167642309001713",
author = "Marcilio Mendonca and Donald Cowan",
keywords = "Software Product Lines, Product configuration, Feature models, Feature modelling, Decision-making coordination, Automated reasoning, Constraint-based reasoning"
}
@article{GUPTA1993569,
title = "An integrated simulation model development environment for SLAM II using object-oriented paradigm",
journal = "Computers & Industrial Engineering",
volume = "25",
number = "1",
pages = "569 - 572",
year = "1993",
issn = "0360-8352",
doi = "https://doi.org/10.1016/0360-8352(93)90346-Y",
url = "http://www.sciencedirect.com/science/article/pii/036083529390346Y",
author = "Tarun Gupta and Rizvan Erol"
}
@incollection{DITTNER2007421,
title = "Chapter 12 - Introducing Xen",
editor = "Rogier Dittner and David Rule",
booktitle = "The Best Damn Server Virtualization Book Period",
publisher = "Syngress",
address = "Burlington",
pages = "421 - 462",
year = "2007",
isbn = "978-1-59749-217-1",
doi = "https://doi.org/10.1016/B978-1-59749-217-1.00012-5",
url = "http://www.sciencedirect.com/science/article/pii/B9781597492171000125",
author = "Rogier Dittner and David Rule"
}
@article{LANDGREBE201376,
title = "Relationships between palaeogeography and opal occurrence in Australia: A data-mining approach",
journal = "Computers & Geosciences",
volume = "56",
pages = "76 - 82",
year = "2013",
issn = "0098-3004",
doi = "https://doi.org/10.1016/j.cageo.2013.02.002",
url = "http://www.sciencedirect.com/science/article/pii/S0098300413000484",
author = "T.C.W. Landgrebe and A. Merdith and A. Dutkiewicz and R.D. Müller",
keywords = "Data-mining, Spatio-temporal analysis, Palaeogeography, Opal, Association rules, Great Artesian Basin"
}
@article{BEKHUIS2012197,
title = "Screening nonrandomized studies for medical systematic reviews: A comparative study of classifiers",
journal = "Artificial Intelligence in Medicine",
volume = "55",
number = "3",
pages = "197 - 207",
year = "2012",
issn = "0933-3657",
doi = "https://doi.org/10.1016/j.artmed.2012.05.002",
url = "http://www.sciencedirect.com/science/article/pii/S0933365712000620",
author = "Tanja Bekhuis and Dina Demner-Fushman",
keywords = "Medical informatics, Clinical research informatics, Text mining, Document classification, Systematic reviews"
}
@article{FRIDSMA2008130,
title = "The BRIDG Project: A Technical Report",
journal = "Journal of the American Medical Informatics Association",
volume = "15",
number = "2",
pages = "130 - 137",
year = "2008",
issn = "1067-5027",
doi = "https://doi.org/10.1197/jamia.M2556",
url = "http://www.sciencedirect.com/science/article/pii/S1067502707003453",
author = "Douglas B. Fridsma and Julie Evans and Smita Hastak and Charles N. Mead"
}
@article{BENEDIKT2002151,
title = "A GIS application to enhance cell-based information modeling",
journal = "Information Sciences",
volume = "142",
number = "1",
pages = "151 - 160",
year = "2002",
note = "Intelligent Information Systems and Applications",
issn = "0020-0255",
doi = "https://doi.org/10.1016/S0020-0255(02)00163-9",
url = "http://www.sciencedirect.com/science/article/pii/S0020025502001639",
author = "Josef Benedikt and Sebastian Reinberg and Leopold Riedl",
keywords = "Fuzzy sets, GIS, Spatial analysis, Semantic modeling, Graphical programming languages"
}
@article{ROOS1989165,
title = "Impact of computers on sensory evaluation: past, present and future",
journal = "Food Quality and Preference",
volume = "1",
number = "4",
pages = "165 - 170",
year = "1989",
issn = "0950-3293",
doi = "https://doi.org/10.1016/0950-3293(89)90005-0",
url = "http://www.sciencedirect.com/science/article/pii/0950329389900050",
author = "Peter E Roos",
keywords = "computers, sensory evaluation, automation"
}
@article{HUANG2007597,
title = "Implementation and performance evaluation of parameter improvement mechanisms for intelligent e-learning systems",
journal = "Computers & Education",
volume = "49",
number = "3",
pages = "597 - 614",
year = "2007",
issn = "0360-1315",
doi = "https://doi.org/10.1016/j.compedu.2005.11.008",
url = "http://www.sciencedirect.com/science/article/pii/S0360131505001673",
author = "Chenn-Jung Huang and San-Shine Chu and Chih-Tai Guan",
keywords = "Portfolio, Open source software, Machine learning, Support vector machines, Chinese knowledge and information processing"
}
@article{ZEILER19921,
title = "Object-oriented hybrid intelligent CAD system",
journal = "Computers in Industry",
volume = "20",
number = "1",
pages = "1 - 9",
year = "1992",
issn = "0166-3615",
doi = "https://doi.org/10.1016/0166-3615(92)90123-5",
url = "http://www.sciencedirect.com/science/article/pii/0166361592901235",
author = "W. Zeiler",
keywords = "Object-oriented programming, CAD, Artificial intelligence, ICAD"
}
@article{LEHNER1991603,
title = "Software life cycle management based on a phase distinction method",
journal = "Microprocessing and Microprogramming",
volume = "32",
number = "1",
pages = "603 - 608",
year = "1991",
note = "Euromicro symposium on microprocessing and microprogramming",
issn = "0165-6074",
doi = "https://doi.org/10.1016/0165-6074(91)90409-M",
url = "http://www.sciencedirect.com/science/article/pii/016560749190409M",
author = "Franz Lehner"
}
@article{ROTHLISBERGER2012155,
title = "libCreme: An optimization library for evaluating convex-roof entanglement measures",
journal = "Computer Physics Communications",
volume = "183",
number = "1",
pages = "155 - 165",
year = "2012",
issn = "0010-4655",
doi = "https://doi.org/10.1016/j.cpc.2011.08.012",
url = "http://www.sciencedirect.com/science/article/pii/S0010465511002840",
author = "Beat Röthlisberger and Jörg Lehmann and Daniel Loss",
keywords = "Entanglement measure, Convex roof"
}
@article{JENKINS2012166,
title = "Modelling the Effect of Ocean Waves on the Atmospheric and Ocean Boundary Layers",
journal = "Energy Procedia",
volume = "24",
pages = "166 - 175",
year = "2012",
note = "Selected papers from Deep Sea Offshore Wind R&D Conference, Trondheim, Norway, 19-20 January 2012",
issn = "1876-6102",
doi = "https://doi.org/10.1016/j.egypro.2012.06.098",
url = "http://www.sciencedirect.com/science/article/pii/S1876610212011381",
author = "Alastair D. Jenkins and Mostafa Bakhoday Paskyabi and Ilker Fer and Alok Gupta and Muralidhar Adakudlu",
keywords = "ocean waves, atmospheric boundary layer, ocean surface boundary layer, numerical modelling"
}
@incollection{SOROKOS2016237,
title = "Chapter 11 - Driving design refinement: How to optimize allocation of software development assurance or integrity requirements",
editor = "Ivan Mistrik and Richard Soley and Nour Ali and John Grundy and Bedir Tekinerdogan",
booktitle = "Software Quality Assurance",
publisher = "Morgan Kaufmann",
address = "Boston",
pages = "237 - 250",
year = "2016",
isbn = "978-0-12-802301-3",
doi = "https://doi.org/10.1016/B978-0-12-802301-3.00011-9",
url = "http://www.sciencedirect.com/science/article/pii/B9780128023013000119",
author = "Ioannis Sorokos and Yiannis Papadopoulos and Martin Walker and Luis Azevedo and David Parker",
keywords = "Model-based safety assessment, functional safety aerospace, safety standards, development assurance level, RTCA DO-178C, EUROCAE ED-12C, SAE ARP4754-A, dependability optimization"
}
@article{ADAMS1998403,
title = "Enhancing new product development performance: an organizational learning perspective",
journal = "Journal of Product Innovation Management",
volume = "15",
number = "5",
pages = "403 - 422",
year = "1998",
issn = "0737-6782",
doi = "https://doi.org/10.1016/S0737-6782(98)00013-7",
url = "http://www.sciencedirect.com/science/article/pii/S0737678298000137",
author = "Marjorie E Adams and George S Day and Deborah Dougherty"
}
@incollection{PARKER1987305,
title = "The UNIVERSE Program Development Environment",
editor = "H.-J. BULLINGER and B. SHACKEL",
booktitle = "Human–Computer Interaction–INTERACT '87",
publisher = "North-Holland",
address = "Amsterdam",
pages = "305 - 309",
year = "1987",
isbn = "978-0-444-70304-0",
doi = "https://doi.org/10.1016/B978-0-444-70304-0.50055-8",
url = "http://www.sciencedirect.com/science/article/pii/B9780444703040500558",
author = "Jeff Parker and Bob Hendley"
}
@article{OTERODELAROZA20111708,
title = "Gibbs2: A new version of the quasi-harmonic model code. I. Robust treatment of the static data",
journal = "Computer Physics Communications",
volume = "182",
number = "8",
pages = "1708 - 1720",
year = "2011",
issn = "0010-4655",
doi = "https://doi.org/10.1016/j.cpc.2011.04.016",
url = "http://www.sciencedirect.com/science/article/pii/S0010465511001470",
author = "A. Otero-de-la-Roza and Víctor Luaña",
keywords = "Equations of state in solids, Equilibrium properties of solids, Data analysis, Treatment of noisy data, Discontinuous data, Thermal effects"
}
@article{REXFELT200673,
title = "The progress of user requirements through a software development project",
journal = "International Journal of Industrial Ergonomics",
volume = "36",
number = "1",
pages = "73 - 81",
year = "2006",
issn = "0169-8141",
doi = "https://doi.org/10.1016/j.ergon.2005.08.002",
url = "http://www.sciencedirect.com/science/article/pii/S0169814105001320",
author = "Oskar Rexfelt and Elsa Rosenblad",
keywords = "User requirements, User needs, User-centred design, User-oriented product development"
}
@article{XUN200449,
title = "Control based sensor management for a multiple radar monitoring scenario",
journal = "Information Fusion",
volume = "5",
number = "1",
pages = "49 - 63",
year = "2004",
issn = "1566-2535",
doi = "https://doi.org/10.1016/j.inffus.2003.08.001",
url = "http://www.sciencedirect.com/science/article/pii/S1566253503000484",
author = "Yong Xun and Mieczyslaw M Kokar and Kenneth Baclawski",
keywords = "Multiple radar monitoring, Real-time task generation, Real-time scheduling, Real-time resource allocation, Sensor scheduling, Sensor management"
}
@article{HENRIKSSON2005101,
title = "Improving Software Quality in Safety-Critical Applications by Model-Driven Verification",
journal = "Electronic Notes in Theoretical Computer Science",
volume = "133",
pages = "101 - 117",
year = "2005",
note = "Proceedings of the Ninth International Workshop on Formal Methods for Industrial Critical Systems (FMICS 2004)",
issn = "1571-0661",
doi = "https://doi.org/10.1016/j.entcs.2004.08.060",
url = "http://www.sciencedirect.com/science/article/pii/S1571066105050267",
author = "Anders Henriksson and Uwe Aßman and James Hunt",
keywords = "Model Driven Architetcture, Model Driven Verification"
}
@article{CAMMI201148,
title = "An object-oriented approach to simulation of IRIS dynamic response",
journal = "Progress in Nuclear Energy",
volume = "53",
number = "1",
pages = "48 - 58",
year = "2011",
issn = "0149-1970",
doi = "https://doi.org/10.1016/j.pnucene.2010.09.004",
url = "http://www.sciencedirect.com/science/article/pii/S0149197010001447",
author = "Antonio Cammi and Francesco Casella and Marco E. Ricotti and Francesco Schiavo",
keywords = "Simulation, Modelling, Object-oriented, Control, Integral reactors"
}
@article{LUYTEN2003329,
title = "Runtime transformations for modal independent user interface migration",
journal = "Interacting with Computers",
volume = "15",
number = "3",
pages = "329 - 347",
year = "2003",
note = "Computer-Aided Design of User Interface",
issn = "0953-5438",
doi = "https://doi.org/10.1016/S0953-5438(03)00012-2",
url = "http://www.sciencedirect.com/science/article/pii/S0953543803000122",
author = "Kris Luyten and Tom Van Laerhoven and Karin Coninx and Frank Van Reeth",
keywords = "User interface descriptions, Human–computer interaction, Extensible markup language, Extensible language transformation stylesheets"
}
@article{UCHIDA1987245,
title = "Parallel inference machines at ICOT",
journal = "Future Generation Computer Systems",
volume = "3",
number = "4",
pages = "245 - 252",
year = "1987",
issn = "0167-739X",
doi = "https://doi.org/10.1016/0167-739X(87)90028-8",
url = "http://www.sciencedirect.com/science/article/pii/0167739X87900288",
author = "Shunichi Uchida"
}
@article{NIAZI2005155,
title = "A maturity model for the implementation of software process improvement: an empirical study",
journal = "Journal of Systems and Software",
volume = "74",
number = "2",
pages = "155 - 172",
year = "2005",
note = "The new context for software engineering education and training",
issn = "0164-1212",
doi = "https://doi.org/10.1016/j.jss.2003.10.017",
url = "http://www.sciencedirect.com/science/article/pii/S0164121203002711",
author = "Mahmood Niazi and David Wilson and Didar Zowghi",
keywords = "Software process improvement implementation, CMMI, Critical success factors"
}
@article{VANNESCHI20021709,
title = "The programming model of ASSIST, an environment for parallel and distributed portable applications",
journal = "Parallel Computing",
volume = "28",
number = "12",
pages = "1709 - 1732",
year = "2002",
issn = "0167-8191",
doi = "https://doi.org/10.1016/S0167-8191(02)00188-6",
url = "http://www.sciencedirect.com/science/article/pii/S0167819102001886",
author = "Marco Vanneschi",
keywords = "Parallel and distributed programming environments, Structured parallel programming, Skeletons model, Shared Objects, Large-scale platforms, Software component technology"
}
@article{WHITE198682,
title = "A software solution for environmental information: A case study on waste management",
journal = "Environmental Software",
volume = "1",
number = "2",
pages = "82 - 89",
year = "1986",
issn = "0266-9838",
doi = "https://doi.org/10.1016/0266-9838(86)90003-1",
url = "http://www.sciencedirect.com/science/article/pii/0266983886900031",
author = "Sally L. White and R.Roger Johnson"
}
@article{LEONOV2015551,
title = "Laser scanning and 3D modeling of the Shukhov hyperboloid tower in Moscow",
journal = "Journal of Cultural Heritage",
volume = "16",
number = "4",
pages = "551 - 559",
year = "2015",
issn = "1296-2074",
doi = "https://doi.org/10.1016/j.culher.2014.09.014",
url = "http://www.sciencedirect.com/science/article/pii/S129620741400137X",
author = "Andrey V. Leonov and Mikhail N. Anikushkin and Andrey V. Ivanov and Stanislav V. Ovcharov and Alexander E. Bobkov and Yuri M. Baturin",
keywords = "Shukhov, Modern heritage, Avant-garde, Lattice shell, Hyperboloid tower, Laser scanning, 3D model, 3D document, Digital preservation, Virtual heritage"
}
@incollection{ROSSON2002227,
title = "Chapter 7 - Usability Evaluation",
editor = "Mary Beth Rosson and John M. Carroll",
booktitle = "Usability Engineering",
publisher = "Morgan Kaufmann",
address = "San Francisco",
pages = "227 - 271",
year = "2002",
series = "Interactive Technologies",
isbn = "978-1-55860-712-5",
doi = "https://doi.org/10.1016/B978-155860712-5/50008-4",
url = "http://www.sciencedirect.com/science/article/pii/B9781558607125500084",
author = "Mary Beth Rosson and John M. Carroll"
}
@article{WAGNER200266,
title = "Preface: Volume 66, Issue 6",
journal = "Electronic Notes in Theoretical Computer Science",
volume = "66",
number = "6",
pages = "66 - 67",
year = "2002",
note = "ATMOS 2002, Algorithmic Methods and Models for Optimization of Railways (ICALP 2002 Satellite Workshop)",
issn = "1571-0661",
doi = "https://doi.org/10.1016/S1571-0661(05)80530-4",
url = "http://www.sciencedirect.com/science/article/pii/S1571066105805304",
author = "Dorothea Wagner"
}
@article{TAYLOR1980111,
title = "A Method for Expressing the Functional Requirements of Real-Time Systems",
journal = "IFAC Proceedings Volumes",
volume = "13",
number = "1",
pages = "111 - 120",
year = "1980",
note = "IFAC/IFIP Workshop on Real Time Programming 1980, Schloss Retzoff, Leibnitz, Austria, 14-16 April 1980",
issn = "1474-6670",
doi = "https://doi.org/10.1016/S1474-6670(17)65168-1",
url = "http://www.sciencedirect.com/science/article/pii/S1474667017651681",
author = "B. Taylor",
keywords = "System requirements, system specification, finite automata, modeling, real-time systems"
}
@article{TAYLOR1980111,
title = "A method for expressing the functional requirements of real-time systems",
journal = "Annual Review in Automatic Programming",
volume = "10",
pages = "111 - 120",
year = "1980",
note = "Proceedings of the IFAC/IFIP Workshop",
issn = "0066-4138",
doi = "https://doi.org/10.1016/0066-4138(82)90015-5",
url = "http://www.sciencedirect.com/science/article/pii/0066413882900155",
author = "B Taylor",
keywords = "System requirements, system specification, finite automata, modeling, real-time systems"
}
@article{ZAROLIAGIS200180,
title = "Preface: Volume 50, Issue 1",
journal = "Electronic Notes in Theoretical Computer Science",
volume = "50",
number = "1",
pages = "80 - 81",
year = "2001",
note = "ATMOS 2001, Algorithmic MeThods and Models for Optimization of RailwayS (Satellite Workshop of ICALP 2001)",
issn = "1571-0661",
doi = "https://doi.org/10.1016/S1571-0661(05)80569-9",
url = "http://www.sciencedirect.com/science/article/pii/S1571066105805699",
author = "Christos Zaroliagis"
}
@incollection{LINDVALL2003127,
title = "Impact Analysis in Software Evolution",
series = "Advances in Computers",
publisher = "Elsevier",
volume = "59",
pages = "127 - 210",
year = "2003",
issn = "0065-2458",
doi = "https://doi.org/10.1016/S0065-2458(03)59004-0",
url = "http://www.sciencedirect.com/science/article/pii/S0065245803590040",
author = "Mikael Lindvall"
}
@article{GOLDBERG1999631,
title = "Computer interface evaluation using eye movements: methods and constructs",
journal = "International Journal of Industrial Ergonomics",
volume = "24",
number = "6",
pages = "631 - 645",
year = "1999",
issn = "0169-8141",
doi = "https://doi.org/10.1016/S0169-8141(98)00068-7",
url = "http://www.sciencedirect.com/science/article/pii/S0169814198000687",
author = "Joseph H Goldberg and Xerxes P Kotval",
keywords = "Eye movements, HCI, Computer interface design, Software evaluation, Fixation algorithms"
}
@article{WEHMOLLER2001225,
title = "Resection of skull bone supported by navigation and robotics",
journal = "International Congress Series",
volume = "1230",
pages = "225 - 229",
year = "2001",
note = "Computer Assisted Radiology and Surgery",
issn = "0531-5131",
doi = "https://doi.org/10.1016/S0531-5131(01)00042-5",
url = "http://www.sciencedirect.com/science/article/pii/S0531513101000425",
author = "M. Wehmöller and S. Hassfeld and N.C. Gellrich and S. Weihe and H.C. Wehmöller and H. Meier and H. Eufinger",
keywords = "Resection, Navigation, Robotics"
}
@article{PEKNY20001759,
title = "Process systems engineering in an electronic economy: expanding applications and the changing relationship between research and practice",
journal = "Computers & Chemical Engineering",
volume = "24",
number = "2",
pages = "1759",
year = "2000",
issn = "0098-1354",
doi = "https://doi.org/10.1016/S0098-1354(00)00460-9",
url = "http://www.sciencedirect.com/science/article/pii/S0098135400004609",
author = "J.F. Pekny"
}
@incollection{KITCHEN20091,
title = "Chapter 1 The UK HPC Integration Market: Commodity‐Based Clusters",
series = "Advances in Computers",
publisher = "Elsevier",
volume = "75",
pages = "1 - 111",
year = "2009",
booktitle = "Computer Performance Issues",
issn = "0065-2458",
doi = "https://doi.org/10.1016/S0065-2458(08)00801-2",
url = "http://www.sciencedirect.com/science/article/pii/S0065245808008012",
author = "Christine A. Kitchen and Martyn F. Guest"
}
@incollection{HONGMAO2016225,
title = "Chapter 7 - In Silico ADMET Profiling: Predictive Models for CYP450, P-gp, PAMPA, and hERG",
editor = "Sun Hongmao",
booktitle = "A Practical Guide to Rational Drug Design",
publisher = "Woodhead Publishing",
pages = "225 - 268",
year = "2016",
isbn = "978-0-08-100098-4",
doi = "https://doi.org/10.1016/B978-0-08-100098-4.00007-7",
url = "http://www.sciencedirect.com/science/article/pii/B9780081000984000077",
author = "Sun Hongmao",
keywords = "Cytochrome P450 (CYP450), Isoforms, CYP1A2, CYP2C9, CYP2C19, CYP2D6, CYP3A4, Support vector regression (SVR), Support vector classification (SVC), The area under the receiver operating characteristic curve (AUC-ROC), Caco-2, Parallel artificial membrane permeability assay (PAMPA), Permeability glycoprotein (P-gp), Efflux transporter, Drug absorption, Multi-drug resistance, Computational toxicity, qHTS, hERG potassium channel, Long QT syndrome (LQTS), Phospholipidosis (PLD)."
}
@article{SESSA201477,
title = "The world in 2050 and the New Welfare scenario",
journal = "Futures",
volume = "58",
pages = "77 - 90",
year = "2014",
note = "SI: Low Carbon Futures",
issn = "0016-3287",
doi = "https://doi.org/10.1016/j.futures.2013.10.019",
url = "http://www.sciencedirect.com/science/article/pii/S0016328713001481",
author = "Carlo Sessa and Andrea Ricci",
keywords = "Paradigm shifts, Foresight methods, Scenario building, Steady state economy, Global and local democracy, Wellbeing and sustainability metrics, Lifestyle change"
}
@article{WALKER199655,
title = "The Planetary Plasma Interactions Node of the Planetary Data System",
journal = "Planetary and Space Science",
volume = "44",
number = "1",
pages = "55 - 64",
year = "1996",
note = "Planetary data system",
issn = "0032-0633",
doi = "https://doi.org/10.1016/0032-0633(95)00106-9",
url = "http://www.sciencedirect.com/science/article/pii/0032063395001069",
author = "Raymond J. Walker and Steven P. Joy and Todd A. King and Christopher T. Russell and Robert L. McPherron and William S. Kurth"
}
@article{MIKRAM20132204,
title = "POINCARÉ CODE: A package of open-source implements for normalization and computer algebra reduction near equilibria of coupled ordinary differential equations",
journal = "Computer Physics Communications",
volume = "184",
number = "9",
pages = "2204 - 2213",
year = "2013",
issn = "0010-4655",
doi = "https://doi.org/10.1016/j.cpc.2013.04.003",
url = "http://www.sciencedirect.com/science/article/pii/S0010465513001380",
author = "J. Mikram and F. Zinoun and A. El Abdllaoui",
keywords = " package, Ordinary differential equations, Poincaré–Dulac normal form, Birkhoff–Gustavson normal form, Joint normal form, Lie transform"
}
@article{OWAKI1992211,
title = "Software Quality and Productivity Improvement Techniques for Process Computer Systems at Mizushima Works, Kawasaki Steel Corporation",
journal = "IFAC Proceedings Volumes",
volume = "25",
number = "19",
pages = "211 - 217",
year = "1992",
note = "7th IFAC Symposium on Automation in Mining, Mineral and Metal Processing 1992, Beijing, PCR, 26-28 August",
issn = "1474-6670",
doi = "https://doi.org/10.1016/S1474-6670(17)49924-1",
url = "http://www.sciencedirect.com/science/article/pii/S1474667017499241",
author = "R. Owaki and H. Torikoshi and I. Toda and E. Nagayama and T. Iwamura",
keywords = "Process computer, Software development, Computer software, Reuse of software, Network, Steel industry"
}
@article{BERSINA1995391,
title = "(n,f)-radiography as a means to investigate plants for their contamination with natural and technogenic uranium",
journal = "Radiation Measurements",
volume = "25",
number = "1",
pages = "391",
year = "1995",
note = "Nuclear Tracks in Solids",
issn = "1350-4487",
doi = "https://doi.org/10.1016/1350-4487(95)00122-U",
url = "http://www.sciencedirect.com/science/article/pii/135044879500122U",
author = "I.G. Bersina and R. Brandt and P. Vater and K. Hinke and M. Schütze",
keywords = "(n,f)-radiography, Lavsan, plant samples, technogenic uranium, radiation protection, radioactive pollution"
}
@article{RAUEN20125834,
title = "Appraisal of chlorine contact tank modelling practices",
journal = "Water Research",
volume = "46",
number = "18",
pages = "5834 - 5847",
year = "2012",
issn = "0043-1354",
doi = "https://doi.org/10.1016/j.watres.2012.08.013",
url = "http://www.sciencedirect.com/science/article/pii/S0043135412006008",
author = "William B. Rauen and Athanasios Angeloudis and Roger A. Falconer",
keywords = "Chlorine contact tank, Mathematical modelling, Physical experimentation, Computational fluid dynamics, Disinfection by-products, Water disinfection"
}
@article{ALLKIN19921,
title = "Handling the taxonomic structure of biological data",
journal = "Mathematical and Computer Modelling",
volume = "16",
number = "6",
pages = "1 - 9",
year = "1992",
issn = "0895-7177",
doi = "https://doi.org/10.1016/0895-7177(92)90148-E",
url = "http://www.sciencedirect.com/science/article/pii/089571779290148E",
author = "Robert Allkin and Richard J. White and Peter J. Winfield"
}
@article{WERNHART1990157,
title = "The HIBOL-2 environment: A basis for visual programming of business objects",
journal = "Journal of Systems and Software",
volume = "12",
number = "2",
pages = "157 - 165",
year = "1990",
note = "The Role of Language in Programming",
issn = "0164-1212",
doi = "https://doi.org/10.1016/0164-1212(90)90077-Y",
url = "http://www.sciencedirect.com/science/article/pii/016412129090077Y",
author = "Heidemarie Wernhart and Roland Mittermeir"
}
@incollection{THURY1986539,
title = "HOW TO DEVELOP RELIABLE MICROPROCESSOR SOFTWARE SYSTEMS FOR PROCESS CONTROL",
editor = "M. PAUL",
booktitle = "Digital Computer Applications to Process Control",
publisher = "Pergamon",
address = "Oxford",
pages = "539 - 544",
year = "1986",
series = "IFAC Symposia Series",
isbn = "978-0-08-032554-5",
doi = "https://doi.org/10.1016/B978-0-08-032554-5.50080-X",
url = "http://www.sciencedirect.com/science/article/pii/B978008032554550080X",
author = "W. Thury and F. Walter"
}
@article{ARMANDO1999319,
title = "Preface: Volume 23, Issue 3",
journal = "Electronic Notes in Theoretical Computer Science",
volume = "23",
number = "3",
pages = "319 - 320",
year = "1999",
note = "CALCULEMUS 99, Systems for Integrated Computation and Deduction (associated to FLoC'99, the 1999 Federated Logic Conference)",
issn = "1571-0661",
doi = "https://doi.org/10.1016/S1571-0661(05)80604-8",
url = "http://www.sciencedirect.com/science/article/pii/S1571066105806048",
author = "Alessandro Armando and Tudor Jebelean"
}
@article{HOLLOWAY198373,
title = "Experience with a High Order Programming Language on the Development of the Nova Distributed Control System*",
journal = "IFAC Proceedings Volumes",
volume = "16",
number = "5",
pages = "73 - 84",
year = "1983",
note = "5th IFAC Workshop on Distributed Computer Control Systems 1983, Sabi-Sabi, Transvaal, South Africa, 18-20 May 1983",
issn = "1474-6670",
doi = "https://doi.org/10.1016/S1474-6670(17)62518-7",
url = "http://www.sciencedirect.com/science/article/pii/S1474667017625187",
author = "F.W. Holloway and G.J. Suski and J.M. Duffy",
keywords = "Ada, Distributed Control Systems, High Order Language, Software Management"
}
@article{MATTHEWS1996159,
title = "Real-time 3D dose calculation and display: A tool for plan optimization",
journal = "International Journal of Radiation Oncology*Biology*Physics",
volume = "36",
number = "1",
pages = "159 - 165",
year = "1996",
issn = "0360-3016",
doi = "https://doi.org/10.1016/S0360-3016(96)00282-9",
url = "http://www.sciencedirect.com/science/article/pii/S0360301696002829",
author = "John W. Matthews and Fred U. Rosenberger and Walter R. Bosch and William B. Harms and James A. Purdy",
keywords = "Real time, 3D treatment planning, Parallel processing, Shared memory, Optimization"
}
@article{KAHL2003221,
title = "Preface: Volume 44, Issue 3",
journal = "Electronic Notes in Theoretical Computer Science",
volume = "44",
number = "3",
pages = "221 - 223",
year = "2003",
note = "RelMiS 2001, Relational Methods in Software (a Satellite Event of ETAPS 2001)",
issn = "1571-0661",
doi = "https://doi.org/10.1016/S1571-0661(05)80010-6",
url = "http://www.sciencedirect.com/science/article/pii/S1571066105800106",
author = "Wolfram Kahl and David L. Parnas and Gunther Schmidt"
}
@article{KONG20112201,
title = "Phonon dispersion measured directly from molecular dynamics simulations",
journal = "Computer Physics Communications",
volume = "182",
number = "10",
pages = "2201 - 2207",
year = "2011",
issn = "0010-4655",
doi = "https://doi.org/10.1016/j.cpc.2011.04.019",
url = "http://www.sciencedirect.com/science/article/pii/S0010465511001500",
author = "Ling Ti Kong",
keywords = "Phonon dispersion, Lattice dynamics, Molecular dynamics simulation, Elastic Greenʼs functions"
}
@article{SCHMIDT1995461,
title = "The RFX centralized control, data acquisition and machine protection systems",
journal = "Fusion Engineering and Design",
volume = "25",
number = "4",
pages = "461 - 496",
year = "1995",
issn = "0920-3796",
doi = "https://doi.org/10.1016/0920-3796(94)00284-E",
url = "http://www.sciencedirect.com/science/article/pii/092037969400284E",
author = "V Schmidt and G Flor and O.N Hemming and A Luchetta and G Manduchi and S Vitturi"
}
@article{DANILUK2010709,
title = "Model-Driven Development for scientific computing. Computations of RHEED intensities for a disordered surface. Part II",
journal = "Computer Physics Communications",
volume = "181",
number = "3",
pages = "709 - 710",
year = "2010",
issn = "0010-4655",
doi = "https://doi.org/10.1016/j.cpc.2009.11.011",
url = "http://www.sciencedirect.com/science/article/pii/S0010465509003865",
author = "Andrzej Daniluk",
keywords = "Reflection high-energy electron diffraction (RHEED), UML, Model-Driven Development (MDD), Model-Driven Architecture (MDA), Model-Driven Engineering (MDE)"
}
@article{DANILUK20111389,
title = "Cooperative and competitive concurrency in scientific computing. A full open-source upgrade of the program for dynamical calculations of RHEED intensity oscillations",
journal = "Computer Physics Communications",
volume = "182",
number = "6",
pages = "1389 - 1390",
year = "2011",
issn = "0010-4655",
doi = "https://doi.org/10.1016/j.cpc.2011.02.014",
url = "http://www.sciencedirect.com/science/article/pii/S0010465511000804",
author = "Andrzej Daniluk",
keywords = "Reflection high-energy electron diffraction (RHEED), Molecular beam epitaxy (MBE), UML, Model-Driven Development (MDD), Multithreaded programming, Free compilers"
}
@incollection{PAYNE1982129,
title = "MULTI-PROCESSOR SYSTEM FOR BRUCE NUCLEAR POWER PLANT TRAINING SIMULATOR",
editor = "WILLIAM E. MILLER",
booktitle = "Distributed Computer Control Systems 1981",
publisher = "Pergamon",
pages = "129 - 139",
year = "1982",
isbn = "978-0-08-028672-3",
doi = "https://doi.org/10.1016/B978-0-08-028672-3.50025-0",
url = "http://www.sciencedirect.com/science/article/pii/B9780080286723500250",
author = "C.A.J. Payne and Q.B. Chou and J.S.D. Brown and G.C. Ng"
}
@article{PAYNE1981129,
title = "Multi-Processor System for Bruce Nuclear Power Plant Training Simulator",
journal = "IFAC Proceedings Volumes",
volume = "14",
number = "1",
pages = "129 - 139",
year = "1981",
note = "3rd IFAC Workshop on Distributed Computer Control Systems (DCCS'81), Beijing, China, 15-17 August 1981",
issn = "1474-6670",
doi = "https://doi.org/10.1016/S1474-6670(17)64399-4",
url = "http://www.sciencedirect.com/science/article/pii/S1474667017643994",
author = "C.A.J. Payne and Q.B. Chou and J.S.D. Brown and G.C. Ng",
keywords = "Digital computer applications, multiprocessing system, computer hardware, computer organization, computer software, micro-processor, modelling, nuclear plants, training simulator"
}
@article{VINCENTELLI20062,
title = "CHALLENGES AND OPPORTUNITIES FOR SYSTEM THEORY IN EMBEDDED CONTROLLER DESIGN",
journal = "IFAC Proceedings Volumes",
volume = "39",
number = "5",
pages = "2 - 3",
year = "2006",
note = "2nd IFAC Conference on Analysis and Design of Hybrid Systems",
issn = "1474-6670",
doi = "https://doi.org/10.3182/20060607-3-IT-3902.00004",
url = "http://www.sciencedirect.com/science/article/pii/S1474667015328470",
author = "Alberto Sangiovanni Vincentelli",
keywords = "Embedded Systems, Systems Design, Systems Methodology, Control Applications, Distributed Control"
}