@article{DEROUILLAT2018351,
title = "Smilei : A collaborative, open-source, multi-purpose particle-in-cell code for plasma simulation",
journal = "Computer Physics Communications",
volume = "222",
pages = "351 - 373",
year = "2018",
issn = "0010-4655",
doi = "https://doi.org/10.1016/j.cpc.2017.09.024",
url = "http://www.sciencedirect.com/science/article/pii/S0010465517303314",
author = "J. Derouillat and A. Beck and F. Pérez and T. Vinci and M. Chiaramello and A. Grassi and M. Flé and G. Bouchard and I. Plotnikov and N. Aunai and J. Dargent and C. Riconda and M. Grech",
keywords = "Plasma kinetic simulation, Particle-In-Cell (PIC), High-performance computing, Laser–plasma interaction, Astrophysical plasmas"
}
@article{DAVID2013201,
title = "A software engineering perspective on environmental modeling framework design: The Object Modeling System",
journal = "Environmental Modelling & Software",
volume = "39",
pages = "201 - 213",
year = "2013",
note = "Thematic Issue on the Future of Integrated Modeling Science and Technology",
issn = "1364-8152",
doi = "https://doi.org/10.1016/j.envsoft.2012.03.006",
url = "http://www.sciencedirect.com/science/article/pii/S1364815212000886",
author = "O. David and J.C. Ascough and W. Lloyd and T.R. Green and K.W. Rojas and G.H. Leavesley and L.R. Ahuja",
keywords = "Object Modeling System, Environmental modeling frameworks, Modeling and simulation, Software engineering, Software design"
}
@article{SUTTON2007212,
title = "Recovering UML class models from C++: A detailed explanation",
journal = "Information and Software Technology",
volume = "49",
number = "3",
pages = "212 - 229",
year = "2007",
note = "12th Working Conference on Reverse Engineering",
issn = "0950-5849",
doi = "https://doi.org/10.1016/j.infsof.2006.10.011",
url = "http://www.sciencedirect.com/science/article/pii/S0950584906001844",
author = "Andrew Sutton and Jonathan I. Maletic",
keywords = "Software engineering, Reverse engineering, Design recovery, Program comprehension, UML class models"
}
@article{KEIVANLOO201433,
title = "Software trustworthiness 2.0—A semantic web enabled global source code analysis approach",
journal = "Journal of Systems and Software",
volume = "89",
pages = "33 - 50",
year = "2014",
issn = "0164-1212",
doi = "https://doi.org/10.1016/j.jss.2013.08.030",
url = "http://www.sciencedirect.com/science/article/pii/S0164121213002173",
author = "Iman Keivanloo and Juergen Rilling",
keywords = "Semantic Web, Source code analysis, Linked data, Global source code analysis"
}
@article{HO2004439,
title = "Developing a distributed knowledge model for knowledge management in collaborative development and implementation of an enterprise system",
journal = "Robotics and Computer-Integrated Manufacturing",
volume = "20",
number = "5",
pages = "439 - 456",
year = "2004",
issn = "0736-5845",
doi = "https://doi.org/10.1016/j.rcim.2004.03.006",
url = "http://www.sciencedirect.com/science/article/pii/S0736584504000304",
author = "Cheng-Ter Ho and Yuh-Min Chen and Yuh-Jen Chen and Chin-Bin Wang",
keywords = "Knowledge management, Enterprise engineering, Enterprise systems"
}
@article{JENA20151219,
title = "Multi Objective Task Scheduling in Cloud Environment Using Nested PSO Framework",
journal = "Procedia Computer Science",
volume = "57",
pages = "1219 - 1227",
year = "2015",
note = "3rd International Conference on Recent Trends in Computing 2015 (ICRTC-2015)",
issn = "1877-0509",
doi = "https://doi.org/10.1016/j.procs.2015.07.419",
url = "http://www.sciencedirect.com/science/article/pii/S1877050915019481",
author = "R.K. Jena",
keywords = "Task Scheduling, Cloud Computing, Multi-Objective optimisation, CloudSim, PSO"
}
@article{DESOLDA201746,
title = "End-user composition of interactive applications through actionable UI components",
journal = "Journal of Visual Languages & Computing",
volume = "42",
pages = "46 - 59",
year = "2017",
issn = "1045-926X",
doi = "https://doi.org/10.1016/j.jvlc.2017.08.004",
url = "http://www.sciencedirect.com/science/article/pii/S1045926X17300125",
author = "Giuseppe Desolda and Carmelo Ardito and Maria Francesca Costabile and Maristella Matera",
keywords = "Web service composition, Mashup model, Utilization study"
}
@article{THEUNISSEN199577,
title = "Integrated Design for Research Oriented Systems: The Software Bottleneck",
journal = "IFAC Proceedings Volumes",
volume = "28",
number = "23",
pages = "77 - 82",
year = "1995",
note = "IFAC Conference on Integrated Systems Engineering, Baden-Baden, FRG, 27-29 September 1994",
issn = "1474-6670",
doi = "https://doi.org/10.1016/S1474-6670(17)46598-0",
url = "http://www.sciencedirect.com/science/article/pii/S1474667017465980",
author = "E. Theunissen",
keywords = "Aerospace engineering, computer-aided system design, program testing, program translators, software development, software engineering, software tools"
}
@article{STANEK2013407,
title = "SAPPHIRE: A toolkit for building efficient stream programs for medical video analysis",
journal = "Computer Methods and Programs in Biomedicine",
volume = "112",
number = "3",
pages = "407 - 421",
year = "2013",
issn = "0169-2607",
doi = "https://doi.org/10.1016/j.cmpb.2013.07.028",
url = "http://www.sciencedirect.com/science/article/pii/S0169260713002630",
author = "Sean R. Stanek and Wallapak Tavanapong and Johnny Wong and JungHwan Oh and Ruwan D. Nawarathna and Jayantha Muthukudage and Piet C. de Groen",
keywords = "Software development kit, Medical video analysis, Stream programs, Multi-core multi CPUs"
}
@article{CRAMTON2005758,
title = "Relationships among geographic dispersion, team processes, and effectiveness in software development work teams",
journal = "Journal of Business Research",
volume = "58",
number = "6",
pages = "758 - 765",
year = "2005",
note = "Special Section: The Nonprofit Marketing Landscape",
issn = "0148-2963",
doi = "https://doi.org/10.1016/j.jbusres.2003.10.006",
url = "http://www.sciencedirect.com/science/article/pii/S0148296303002558",
author = "Catherine Durnell Cramton and Sheila Simsarian Webber",
keywords = "Virtual work teams, Field studies, Geographic dispersion, Sociotechnical systems, Team design, Software development"
}
@article{JIMENEZRUIZ2011146,
title = "Supporting concurrent ontology development: Framework, algorithms and tool",
journal = "Data & Knowledge Engineering",
volume = "70",
number = "1",
pages = "146 - 164",
year = "2011",
issn = "0169-023X",
doi = "https://doi.org/10.1016/j.datak.2010.10.001",
url = "http://www.sciencedirect.com/science/article/pii/S0169023X10001217",
author = "E. Jiménez Ruiz and B. Cuenca Grau and I. Horrocks and R. Berlanga",
keywords = "Ontologies, Knowledge representation, Knowledge engineering, OWL, Semantic Web"
}
@article{SANCHEZSEGURA20102721,
title = "Improving the efficiency of use of software engineering practices using product patterns",
journal = "Information Sciences",
volume = "180",
number = "14",
pages = "2721 - 2742",
year = "2010",
note = "Including Special Section on Hybrid Intelligent Algorithms and Applications",
issn = "0020-0255",
doi = "https://doi.org/10.1016/j.ins.2010.03.028",
url = "http://www.sciencedirect.com/science/article/pii/S0020025510001489",
author = "Maria-Isabel Sanchez-Segura and Fuensanta Medina-Dominguez and Antonio de Amescua and Arturo Mora-Soto",
keywords = "Product patterns, Collaborative projects development, Collective knowledge, Process usability, Software assets reuse, Products reuse"
}
@article{GIANCARLO2015207,
title = "ValWorkBench: An open source Java library for cluster validation, with applications to microarray data analysis",
journal = "Computer Methods and Programs in Biomedicine",
volume = "118",
number = "2",
pages = "207 - 217",
year = "2015",
issn = "0169-2607",
doi = "https://doi.org/10.1016/j.cmpb.2014.12.004",
url = "http://www.sciencedirect.com/science/article/pii/S0169260714003939",
author = "R. Giancarlo and D. Scaturro and F. Utro",
keywords = "Microarray cluster analysis, Bioinformatics software, Pattern discovery in bioinformatics and biomedicine"
}
@article{PERES2017377,
title = "Assessing ergonomic risks of software: Development of the SEAT",
journal = "Applied Ergonomics",
volume = "59",
pages = "377 - 386",
year = "2017",
issn = "0003-6870",
doi = "https://doi.org/10.1016/j.apergo.2016.09.014",
url = "http://www.sciencedirect.com/science/article/pii/S0003687016302113",
author = "S. Camille Peres and Ranjana K. Mehta and Paul Ritchey",
keywords = "Office ergonomics, Self-report risk assessment tool, Software interaction design, Musculoskeletal disorders"
}
@article{VERNER200199,
title = "The determinants of visibility of software engineering researchers",
journal = "Journal of Systems and Software",
volume = "59",
number = "1",
pages = "99 - 106",
year = "2001",
issn = "0164-1212",
doi = "https://doi.org/10.1016/S0164-1212(01)00051-6",
url = "http://www.sciencedirect.com/science/article/pii/S0164121201000516",
author = "J.M. Verner and W.M. Evanco and K.W. McCain and G.W. Hislop and V.J. Cole",
keywords = "Software engineering, Co-citation analysis, Research specialties, Software engineer visibility, Logistics analysis"
}
@article{HODA201448,
title = "Aligning technological and pedagogical considerations: Harnessing touch-technology to enhance opportunities for collaborative gameplay and reciprocal teaching in NZ early education",
journal = "International Journal of Child-Computer Interaction",
volume = "2",
number = "1",
pages = "48 - 59",
year = "2014",
issn = "2212-8689",
doi = "https://doi.org/10.1016/j.ijcci.2014.06.001",
url = "http://www.sciencedirect.com/science/article/pii/S221286891400018X",
author = "Rashina Hoda and Annette Henderson and Shiree Lee and Bridget Beh and Jason Greenwood"
}
@article{CATAL20114626,
title = "Software fault prediction: A literature review and current trends",
journal = "Expert Systems with Applications",
volume = "38",
number = "4",
pages = "4626 - 4636",
year = "2011",
issn = "0957-4174",
doi = "https://doi.org/10.1016/j.eswa.2010.10.024",
url = "http://www.sciencedirect.com/science/article/pii/S0957417410011681",
author = "Cagatay Catal",
keywords = "Machine learning, Automated fault prediction models, Expert systems, Software quality engineering, Software engineering, Statistical methods"
}
@article{LIND20001153,
title = "A methodology for forecasting knowledge work projects",
journal = "Computers & Operations Research",
volume = "27",
number = "11",
pages = "1153 - 1169",
year = "2000",
issn = "0305-0548",
doi = "https://doi.org/10.1016/S0305-0548(99)00150-1",
url = "http://www.sciencedirect.com/science/article/pii/S0305054899001501",
author = "Mary R. Lind and Joanne M. Sulek",
keywords = "Forecasting, Knowledge workers, Software development, Neural network modeling, Regression analysis, Expert judgment"
}
@article{SHIH2010271,
title = "Exploring the relationship between organizational culture and software process improvement deployment",
journal = "Information & Management",
volume = "47",
number = "5",
pages = "271 - 281",
year = "2010",
issn = "0378-7206",
doi = "https://doi.org/10.1016/j.im.2010.06.001",
url = "http://www.sciencedirect.com/science/article/pii/S0378720610000509",
author = "Chiao-Ching Shih and Sun-Jen Huang",
keywords = "Organizational culture, Software process improvement (SPI), Competing values framework, Clan culture, Hierarchic culture"
}
@article{LEWIS1999157,
title = "Assessing the evidence from the use of SPC in monitoring, predicting & improving software quality",
journal = "Computers & Industrial Engineering",
volume = "37",
number = "1",
pages = "157 - 160",
year = "1999",
note = "Proceedings of the 24th international conference on computers and industrial engineering",
issn = "0360-8352",
doi = "https://doi.org/10.1016/S0360-8352(99)00044-3",
url = "http://www.sciencedirect.com/science/article/pii/S0360835299000443",
author = "Nigel D.C. Lewis",
keywords = "Bayesian Belief Network, Quality, Process Modelling, Software Development, Continuous Process Improvement, Process Control, Statistical Process Control"
}
@article{RAASCH20131138,
title = "The rise and fall of interdisciplinary research: The case of open source innovation",
journal = "Research Policy",
volume = "42",
number = "5",
pages = "1138 - 1151",
year = "2013",
issn = "0048-7333",
doi = "https://doi.org/10.1016/j.respol.2013.01.010",
url = "http://www.sciencedirect.com/science/article/pii/S0048733313000279",
author = "Christina Raasch and Viktor Lee and Sebastian Spaeth and Cornelius Herstatt",
keywords = "Interdisciplinary research, Evolution of research fields, Open source, Bibliometric analysis, Co-author analysis, Co-citation analysis, Phenomenon-based research"
}
@article{THYER2011219,
title = "The open source RFortran library for accessing R from Fortran, with applications in environmental modelling",
journal = "Environmental Modelling & Software",
volume = "26",
number = "2",
pages = "219 - 234",
year = "2011",
issn = "1364-8152",
doi = "https://doi.org/10.1016/j.envsoft.2010.05.007",
url = "http://www.sciencedirect.com/science/article/pii/S1364815210001611",
author = "Mark Thyer and Michael Leonard and Dmitri Kavetski and Stephen Need and Benjamin Renard",
keywords = "R, Fortran, Open Source Software, COM"
}
@incollection{EARLL201289,
title = "4 - Open source software for mass spectrometry and metabolomics",
editor = "Lee Harland and Mark Forster",
booktitle = "Open Source Software in Life Science Research",
publisher = "Woodhead Publishing",
pages = "89 - 129",
year = "2012",
series = "Woodhead Publishing Series in Biomedicine",
isbn = "978-1-907568-97-8",
doi = "https://doi.org/10.1533/9781908818249.89",
url = "http://www.sciencedirect.com/science/article/pii/B9781907568978500047",
author = "Mark Earll",
keywords = "data visualisation, KNIME, mass spectrometry, metabolomics, mzMine, R language"
}
@article{WELLER2016267,
title = "Capturing, Annotating and Processing Practical Knowledge by Using Decision Trees",
journal = "Procedia Computer Science",
volume = "98",
pages = "267 - 274",
year = "2016",
note = "The 7th International Conference on Emerging Ubiquitous Systems and Pervasive Networks (EUSPN 2016)/The 6th International Conference on Current and Future Trends of Information and Communication Technologies in Healthcare (ICTH-2016)/Affiliated Workshops",
issn = "1877-0509",
doi = "https://doi.org/10.1016/j.procs.2016.09.042",
url = "http://www.sciencedirect.com/science/article/pii/S1877050916321718",
author = "Tobias Weller and Maria Maleshkova",
keywords = "Decision Support Systems in Healthcare, Information and Knowledge Processing, Knowledge Management and Representation, Semantic MediaWiki"
}
@article{PARNAS2009132,
title = "Document based rational software development",
journal = "Knowledge-Based Systems",
volume = "22",
number = "3",
pages = "132 - 141",
year = "2009",
note = "Intelligent Software Design – Selected papers from the 6th International Conference on Software Methodologies, Tools and Techniques",
issn = "0950-7051",
doi = "https://doi.org/10.1016/j.knosys.2008.11.001",
url = "http://www.sciencedirect.com/science/article/pii/S0950705108001913",
author = "David Lorge Parnas",
keywords = "Software development, Rational development, Documentation, Module interface, Knowledge based software documentation"
}
@article{SIDOROVA20153749,
title = "Bridging from syntactic to statistical methods: Classification with automatically segmented features from sequences",
journal = "Pattern Recognition",
volume = "48",
number = "11",
pages = "3749 - 3756",
year = "2015",
issn = "0031-3203",
doi = "https://doi.org/10.1016/j.patcog.2015.05.001",
url = "http://www.sciencedirect.com/science/article/pii/S0031320315001661",
author = "J. Sidorova and J. Garcia",
keywords = "Syntactic pattern recognition, Grammatical inference, Feature segmentation, SMILES parser, Feature extraction"
}
@article{BROWN2016177,
title = "Evaluation of turbulence closure models under spilling and plunging breakers in the surf zone",
journal = "Coastal Engineering",
volume = "114",
pages = "177 - 193",
year = "2016",
issn = "0378-3839",
doi = "https://doi.org/10.1016/j.coastaleng.2016.04.002",
url = "http://www.sciencedirect.com/science/article/pii/S0378383916300400",
author = "S.A. Brown and D.M. Greaves and V. Magar and D.C. Conley",
keywords = "Spilling breakers, Plunging breakers, Turbulence models, Computational fluid dynamics, OpenFOAM, Surf zone"
}
@article{FOLSTAD20102019,
title = "Work-domain knowledge in usability evaluation: Experiences with Cooperative Usability Testing",
journal = "Journal of Systems and Software",
volume = "83",
number = "11",
pages = "2019 - 2030",
year = "2010",
note = "Interplay between Usability Evaluation and Software Development",
issn = "0164-1212",
doi = "https://doi.org/10.1016/j.jss.2010.02.026",
url = "http://www.sciencedirect.com/science/article/pii/S0164121210000531",
author = "Asbjørn Følstad and Kasper Hornbæk",
keywords = "Usability evaluation, Cooperative Usability Testing, Work-domain knowledge, Work-domain specific system, Impact"
}
@article{HAYWARD1987487,
title = "Structured analysis of knowledge",
journal = "International Journal of Man-Machine Studies",
volume = "26",
number = "4",
pages = "487 - 498",
year = "1987",
issn = "0020-7373",
doi = "https://doi.org/10.1016/S0020-7373(87)80083-4",
url = "http://www.sciencedirect.com/science/article/pii/S0020737387800834",
author = "S.A. Hayward and B.J. Wielinga and J.A. Breuker"
}
@article{XU2012525,
title = "Rule-based automatic software performance diagnosis and improvement",
journal = "Performance Evaluation",
volume = "69",
number = "11",
pages = "525 - 550",
year = "2012",
issn = "0166-5316",
doi = "https://doi.org/10.1016/j.peva.2009.11.003",
url = "http://www.sciencedirect.com/science/article/pii/S0166531609001631",
author = "Jing Xu",
keywords = "D.2.2 [Software Engineering]: Design Tools and Techniques — Computer-Aided Software Engineering (CASE), Measurement, Performance, Design, Experimentation, Rules, Performance diagnosis, Design improvement, Layered Queuing Networks, Bottleneck"
}
@article{SUNDIN1994365,
title = "Designing user interfaces for applications based on the hint architecture",
journal = "Annual Review in Automatic Programming",
volume = "19",
pages = "365 - 370",
year = "1994",
issn = "0066-4138",
doi = "https://doi.org/10.1016/0066-4138(94)90092-2",
url = "http://www.sciencedirect.com/science/article/pii/0066413894900922",
author = "Ulf Sundin and Peter Nordin and Shahab Ghavami",
keywords = "User interfaces, software development, software engineering, knowledge engineering, control systems"
}
@article{SARJAKOSKI1988245,
title = "Artificial intelligence in photogrammetry",
journal = "Photogrammetria",
volume = "42",
number = "5",
pages = "245 - 270",
year = "1988",
issn = "0031-8663",
doi = "https://doi.org/10.1016/0031-8663(88)90004-X",
url = "http://www.sciencedirect.com/science/article/pii/003186638890004X",
author = "Tapani Sarjakoski"
}
@article{SOILLE201830,
title = "A versatile data-intensive computing platform for information retrieval from big geospatial data",
journal = "Future Generation Computer Systems",
volume = "81",
pages = "30 - 40",
year = "2018",
issn = "0167-739X",
doi = "https://doi.org/10.1016/j.future.2017.11.007",
url = "http://www.sciencedirect.com/science/article/pii/S0167739X1730078X",
author = "P. Soille and A. Burger and D. De Marchi and P. Kempeneers and D. Rodriguez and V. Syrris and V. Vasilev"
}
@article{SIRACUSANO2018245,
title = "A framework for experimenting ICN over SDN solutions using physical and virtual testbeds",
journal = "Computer Networks",
volume = "134",
pages = "245 - 259",
year = "2018",
issn = "1389-1286",
doi = "https://doi.org/10.1016/j.comnet.2018.01.026",
url = "http://www.sciencedirect.com/science/article/pii/S1389128618300367",
author = "G. Siracusano and S. Salsano and P.L. Ventre and A. Detti and O. Rashed and N. Blefari-Melazzi",
keywords = "Information centric networking, Software defined networking, Testbed, OpenFlow, Open Source, Emulation"
}
@article{YULIANTO2017222,
title = "Harmonik = ++(Web IDE)",
journal = "Procedia Computer Science",
volume = "116",
pages = "222 - 231",
year = "2017",
note = "Discovery and innovation of computer science technology in artificial intelligence era: The 2nd International Conference on Computer Science and Computational Intelligence (ICCSCI 2017)",
issn = "1877-0509",
doi = "https://doi.org/10.1016/j.procs.2017.10.044",
url = "http://www.sciencedirect.com/science/article/pii/S1877050917320926",
author = "Budi Yulianto and Harjanto Prabowo and Raymond Kosala and Manik Hapsara",
keywords = "Web IDE, Online IDE, Cloud IDE, Mobile IDE, Browser IDE, Integrated Development Environment"
}
@article{RODRIGUES2005151,
title = "Architectural Prototyping: From CCS to .Net",
journal = "Electronic Notes in Theoretical Computer Science",
volume = "130",
pages = "151 - 167",
year = "2005",
note = "Proceedings of the Brazilian Symposium on Formal Methods (SBMF 2004)",
issn = "1571-0661",
doi = "https://doi.org/10.1016/j.entcs.2005.03.009",
url = "http://www.sciencedirect.com/science/article/pii/S1571066105002197",
author = "Nuno F. Rodrigues and Luís S. Barbosa",
keywords = "Software architecture, prototyping, CCS, ."
}
@article{WIELAND2010412,
title = "A new library to combine artificial neural networks and support vector machines with statistics and a database engine for application in environmental modeling",
journal = "Environmental Modelling & Software",
volume = "25",
number = "4",
pages = "412 - 420",
year = "2010",
issn = "1364-8152",
doi = "https://doi.org/10.1016/j.envsoft.2009.11.006",
url = "http://www.sciencedirect.com/science/article/pii/S1364815209002953",
author = "Ralf Wieland and Wilfried Mirschel and Bernd Zbell and Karin Groth and Alison Pechenick and Kyoko Fukuda",
keywords = "Artificial neural networks, Support vector machine, Database management, Statistics, Open source software, Yield modeling, Spectral analysis"
}
@incollection{CORPORATEUSERPUBLICATIONSGROUPDIGITALEQUIPMENTCORPORATION198911,
title = "Chapter 2 - Software Development Tools",
editor = " Corporate User Publications Group / Digital Equipment Corporation",
booktitle = "The Digital Guide to Software Development",
publisher = "Digital Press",
address = "Boston",
pages = "11 - 41",
year = "1989",
isbn = "978-1-55558-035-3",
doi = "https://doi.org/10.1016/B978-1-55558-035-3.50005-7",
url = "http://www.sciencedirect.com/science/article/pii/B9781555580353500057",
author = " Corporate User Publications Group / Digital Equipment Corporation"
}
@article{GARCIA2011494,
title = "Evaluating software engineering techniques for developing complex systems with multiagent approaches",
journal = "Information and Software Technology",
volume = "53",
number = "5",
pages = "494 - 506",
year = "2011",
note = "Special Section on Best Papers from XP2010",
issn = "0950-5849",
doi = "https://doi.org/10.1016/j.infsof.2010.12.012",
url = "http://www.sciencedirect.com/science/article/pii/S0950584910002284",
author = "Emilia Garcia and Adriana Giret and Vicente Botti",
keywords = "Multiagent systems development tool, Methodology, Software engineering"
}
@article{AGARWAL1992483,
title = "A structured methodology for developing production systems",
journal = "Decision Support Systems",
volume = "8",
number = "6",
pages = "483 - 499",
year = "1992",
issn = "0167-9236",
doi = "https://doi.org/10.1016/0167-9236(92)90042-N",
url = "http://www.sciencedirect.com/science/article/pii/016792369290042N",
author = "Ritu Agarwal and Mohan Tanniru",
keywords = "Rule-based systems, Software engineering, Structured methodology, Production systems, System maintenance, Expert systems, Rule base Modularization"
}
@article{SELWAY2015191,
title = "Formalising natural language specifications using a cognitive linguistic/configuration based approach",
journal = "Information Systems",
volume = "54",
pages = "191 - 208",
year = "2015",
issn = "0306-4379",
doi = "https://doi.org/10.1016/j.is.2015.04.003",
url = "http://www.sciencedirect.com/science/article/pii/S0306437915000630",
author = "Matt Selway and Georg Grossmann and Wolfgang Mayer and Markus Stumptner",
keywords = "Business rules, Business vocabulary, SBVR, Controlled natural language, Natural language processing"
}
@article{GREGORY201692,
title = "The challenges that challenge: Engaging with agile practitioners’ concerns",
journal = "Information and Software Technology",
volume = "77",
pages = "92 - 104",
year = "2016",
issn = "0950-5849",
doi = "https://doi.org/10.1016/j.infsof.2016.04.006",
url = "http://www.sciencedirect.com/science/article/pii/S0950584916300623",
author = "Peggy Gregory and Leonor Barroca and Helen Sharp and Advait Deshpande and Katie Taylor",
keywords = "Agile methods, Agile software development, Challenges, Evidence-based software engineering, DSDM"
}
@article{KLAY2017332,
title = "Physics in “Real Life”: Accelerator-based Research with Undergraduates",
journal = "Physics Procedia",
volume = "90",
pages = "332 - 339",
year = "2017",
note = "Conference on the Application of Accelerators in Research and Industry, CAARI 2016, 30 October – 4 November 2016, Ft. Worth, TX, USA",
issn = "1875-3892",
doi = "https://doi.org/10.1016/j.phpro.2017.09.025",
url = "http://www.sciencedirect.com/science/article/pii/S1875389217301840",
author = "J.L. Klay",
keywords = "undergraduate research, education"
}
@article{WIELAND2014235,
title = "Environmental impact assessment based on dynamic fuzzy simulation",
journal = "Environmental Modelling & Software",
volume = "55",
pages = "235 - 241",
year = "2014",
issn = "1364-8152",
doi = "https://doi.org/10.1016/j.envsoft.2014.02.001",
url = "http://www.sciencedirect.com/science/article/pii/S1364815214000516",
author = "Ralf Wieland and Carsten Gutzler",
keywords = "Quick scan, Environmental impact assessment, Fuzzy modeling, Dynamic fuzzy simulation"
}
@article{MEHTA2014417,
title = "Information technology and knowledge in software development teams: The role of project uncertainty",
journal = "Information & Management",
volume = "51",
number = "4",
pages = "417 - 429",
year = "2014",
issn = "0378-7206",
doi = "https://doi.org/10.1016/j.im.2014.02.007",
url = "http://www.sciencedirect.com/science/article/pii/S0378720614000226",
author = "Nikhil Mehta and Dianne Hall and Terry Byrd",
keywords = "Knowledge management, Knowledge sharing, Knowledge exchange, Knowledge combination, Social capital, Integrative information technology, Interactive information technology, Requirements uncertainty, Outcome uncertainty, Project uncertainty"
}
@article{SHIAELES201399,
title = "On-scene triage open source forensic tool chests: Are they effective?",
journal = "Digital Investigation",
volume = "10",
number = "2",
pages = "99 - 115",
year = "2013",
note = "Triage in Digital Forensics",
issn = "1742-2876",
doi = "https://doi.org/10.1016/j.diin.2013.04.002",
url = "http://www.sciencedirect.com/science/article/pii/S1742287613000315",
author = "Stavros Shiaeles and Anargyros Chryssanthou and Vasilios Katos",
keywords = "Triage, ACPO principles, Open source, Incident response, TriageIR, Kludge, TR3Secure"
}
@article{BERMUDEZRUIZ2017106,
title = "A tool to support the definition and enactment of model-driven migration processes",
journal = "Journal of Systems and Software",
volume = "128",
pages = "106 - 129",
year = "2017",
issn = "0164-1212",
doi = "https://doi.org/10.1016/j.jss.2017.03.009",
url = "http://www.sciencedirect.com/science/article/pii/S0164121217300584",
author = "Fco. Javier Bermúdez Ruiz and Óscar Sánchez Ramón and Jesús García Molina",
keywords = "Model-driven engineering, Software processes, Software migrations, Process enactment"
}
@article{NGUYENDUC2015277,
title = "The impact of global dispersion on coordination, team performance and software quality – A systematic literature review",
journal = "Information and Software Technology",
volume = "57",
pages = "277 - 294",
year = "2015",
issn = "0950-5849",
doi = "https://doi.org/10.1016/j.infsof.2014.06.002",
url = "http://www.sciencedirect.com/science/article/pii/S0950584914001414",
author = "Anh Nguyen-Duc and Daniela S. Cruzes and Reidar Conradi",
keywords = "Global software development, Systematic literature review, Global dispersion, Performance, Software quality, Meta analysis"
}
@article{ZHAO2005533,
title = "PHASuite: An Automated HAZOP Analysis Tool for Chemical Processes: Part II: Implementation and Case Study",
journal = "Process Safety and Environmental Protection",
volume = "83",
number = "6",
pages = "533 - 548",
year = "2005",
issn = "0957-5820",
doi = "https://doi.org/10.1205/psep.04056",
url = "http://www.sciencedirect.com/science/article/pii/S0957582005712921",
author = "C. Zhao and M. Bhushan and V. Venkatasubramanian",
keywords = "automated HAZOP analysis, PHASuite, software engineering"
}
@article{HOLLMANN20141,
title = "A family of simulation criteria to guide DEVS models validation rigorously, systematically and semi-automatically",
journal = "Simulation Modelling Practice and Theory",
volume = "49",
pages = "1 - 26",
year = "2014",
issn = "1569-190X",
doi = "https://doi.org/10.1016/j.simpat.2014.07.003",
url = "http://www.sciencedirect.com/science/article/pii/S1569190X14001142",
author = "Diego A. Hollmann and Maximiliano Cristiá and Claudia Frydman",
keywords = "Model validation, DEVS, Discrete event simulation, Simulation criteria, Software engineering"
}
@article{KATZ2016114,
title = "Application skeletons: Construction and use in eScience",
journal = "Future Generation Computer Systems",
volume = "59",
pages = "114 - 124",
year = "2016",
issn = "0167-739X",
doi = "https://doi.org/10.1016/j.future.2015.10.001",
url = "http://www.sciencedirect.com/science/article/pii/S0167739X15003143",
author = "Daniel S. Katz and Andre Merzky and Zhao Zhang and Shantenu Jha",
keywords = "Computational science, Data science, Application modeling, System modeling, Performance modeling, Parallel and distributed systems"
}
@article{LAUBER1990283,
title = "Reuse of Case-based Automation Project Results",
journal = "IFAC Proceedings Volumes",
volume = "23",
number = "8, Part 4",
pages = "283 - 288",
year = "1990",
note = "11th IFAC World Congress on Automatic Control, Tallinn, 1990 - Volume 4, Tallinn, Finland",
issn = "1474-6670",
doi = "https://doi.org/10.1016/S1474-6670(17)51837-6",
url = "http://www.sciencedirect.com/science/article/pii/S1474667017518376",
author = "R.J. Lauber",
keywords = "Reusability, software engineering, knowledge-based systems, artificial intelligence techniques, expert systems, CASE computer aided software engineering, ICASE intelligent computer aided software engineering"
}
@article{MARBAN2008133,
title = "A cost model to estimate the effort of data mining projects (DMCoMo)",
journal = "Information Systems",
volume = "33",
number = "1",
pages = "133 - 150",
year = "2008",
issn = "0306-4379",
doi = "https://doi.org/10.1016/j.is.2007.07.004",
url = "http://www.sciencedirect.com/science/article/pii/S030643790700052X",
author = "Oscar Marbán and Ernestina Menasalvas and Covadonga Fernández-Baizán",
keywords = "Data Mining, Knowledge discovery, Cost estimation, Parametric model"
}
@article{DEJONG1988418,
title = "Engineering of expert systems",
journal = "Information and Software Technology",
volume = "30",
number = "7",
pages = "418 - 425",
year = "1988",
issn = "0950-5849",
doi = "https://doi.org/10.1016/0950-5849(88)90038-9",
url = "http://www.sciencedirect.com/science/article/pii/0950584988900389",
author = "Lieuwe Sytse de Jong",
keywords = "software engineering, expert systems, software methodologies"
}
@article{SINGH2017315,
title = "Managing critical supply chain issues in Indian healthcare",
journal = "Procedia Computer Science",
volume = "122",
pages = "315 - 322",
year = "2017",
note = "5th International Conference on Information Technology and Quantitative Management, ITQM 2017",
issn = "1877-0509",
doi = "https://doi.org/10.1016/j.procs.2017.11.375",
url = "http://www.sciencedirect.com/science/article/pii/S1877050917326182",
author = "Sudhanshu Singh and Rakesh Verma and Saroj Koul",
keywords = "Supply chain, healthcare, hospital, issues, issue-based decision-making, India"
}
@article{WATERSON199779,
title = "The dynamics of work organization, knowledge and technology during software development",
journal = "International Journal of Human-Computer Studies",
volume = "46",
number = "1",
pages = "79 - 101",
year = "1997",
issn = "1071-5819",
doi = "https://doi.org/10.1006/ijhc.1996.0084",
url = "http://www.sciencedirect.com/science/article/pii/S1071581996900841",
author = "P.E. Waterson and C.W. Clegg and C.M. Axtell"
}
@article{KORNILOV2016131,
title = "Astronomical observation tasks short-term scheduling using PDDS algorithm",
journal = "Astronomy and Computing",
volume = "16",
pages = "131 - 139",
year = "2016",
issn = "2213-1337",
doi = "https://doi.org/10.1016/j.ascom.2016.05.005",
url = "http://www.sciencedirect.com/science/article/pii/S2213133716300488",
author = "M.V. Kornilov",
keywords = "Atmospheric effects, Site testing, Combinatorial optimisation"
}
@article{BHARDWAJ2011479,
title = "Open source drug discovery– A new paradigm of collaborative research in tuberculosis drug development",
journal = "Tuberculosis",
volume = "91",
number = "5",
pages = "479 - 486",
year = "2011",
note = "Special Issue: TB in India",
issn = "1472-9792",
doi = "https://doi.org/10.1016/j.tube.2011.06.004",
url = "http://www.sciencedirect.com/science/article/pii/S1472979211001028",
author = "Anshu Bhardwaj and Vinod Scaria and Gajendra Pal Singh Raghava and Andrew Michael Lynn and Nagasuma Chandra and Sulagna Banerjee and Muthukurussi V. Raghunandanan and Vikas Pandey and Bhupesh Taneja and Jyoti Yadav and Debasis Dash and Jaijit Bhattacharya and Amit Misra and Anil Kumar and Srinivasan Ramachandran and Zakir Thomas and  Open Source Drug Discovery Consortium and Samir K. Brahmachari",
keywords = "Open source, Drug Discovery, Tuberculosis, Malaria, Neglected diseases, Generics"
}
@incollection{RITTINGHOUSE2004205,
title = "11 - Some Software Best Practices to Consider",
editor = "John W. Rittinghouse",
booktitle = "Managing Software Deliverables",
publisher = "Digital Press",
address = "Burlington",
pages = "205 - 227",
year = "2004",
isbn = "978-1-55558-313-2",
doi = "https://doi.org/10.1016/B978-155558313-2/50014-5",
url = "http://www.sciencedirect.com/science/article/pii/B9781555583132500145",
author = "John W. Rittinghouse"
}
@article{HAASE1990247,
title = "The Use of AI-methods in the Implementation of Realtime Software Products",
journal = "IFAC Proceedings Volumes",
volume = "23",
number = "8, Part 4",
pages = "247 - 251",
year = "1990",
note = "11th IFAC World Congress on Automatic Control, Tallinn, 1990 - Volume 4, Tallinn, Finland",
issn = "1474-6670",
doi = "https://doi.org/10.1016/S1474-6670(17)51831-5",
url = "http://www.sciencedirect.com/science/article/pii/S1474667017518315",
author = "V.H. Haase",
keywords = "Expert systems, software engineering, software tools, real time computer systems"
}
@article{KRAUSE20152642,
title = "Evaluation of a Radio Tuning Task on Android while Driving",
journal = "Procedia Manufacturing",
volume = "3",
pages = "2642 - 2649",
year = "2015",
note = "6th International Conference on Applied Human Factors and Ergonomics (AHFE 2015) and the Affiliated Conferences, AHFE 2015",
issn = "2351-9789",
doi = "https://doi.org/10.1016/j.promfg.2015.07.334",
url = "http://www.sciencedirect.com/science/article/pii/S2351978915003352",
author = "Michael Krause and Cajetan Angerer and Klaus Bengler",
keywords = "Radio tuning task, AAM, Touch screen, Reference task, Driver distraction, LCT, Occlusion, Glance duration"
}
@article{ROSE2007605,
title = "Management competences, not tools and techniques: A grounded examination of software project management at WM-data",
journal = "Information and Software Technology",
volume = "49",
number = "6",
pages = "605 - 624",
year = "2007",
note = "Qualitative Software Engineering Research",
issn = "0950-5849",
doi = "https://doi.org/10.1016/j.infsof.2007.02.005",
url = "http://www.sciencedirect.com/science/article/pii/S0950584907000092",
author = "Jeremy Rose and Keld Pedersen and Jens Henrik Hosbond and Pernille Kræmmergaard",
keywords = "Software project management, Software engineering, Competence"
}
@article{GEETHA2016598,
title = "Data-local Reduce Task Scheduling",
journal = "Procedia Computer Science",
volume = "85",
pages = "598 - 605",
year = "2016",
note = "International Conference on Computational Modelling and Security (CMS 2016)",
issn = "1877-0509",
doi = "https://doi.org/10.1016/j.procs.2016.05.226",
url = "http://www.sciencedirect.com/science/article/pii/S1877050916305749",
author = "J. Geetha and N. UdayBhaskar and P. ChennaReddy",
keywords = "MapReduce, Hadoop, Reduce Task Scheduling, Data-Locality, Rack-Locality."
}
@article{ELALLAOUI2016221,
title = "Automated Model Driven Testing Using AndroMDA and UML2 Testing Profile in Scrum Process",
journal = "Procedia Computer Science",
volume = "83",
pages = "221 - 228",
year = "2016",
note = "The 7th International Conference on Ambient Systems, Networks and Technologies (ANT 2016) / The 6th International Conference on Sustainable Energy Information Technology (SEIT-2016) / Affiliated Workshops",
issn = "1877-0509",
doi = "https://doi.org/10.1016/j.procs.2016.04.119",
url = "http://www.sciencedirect.com/science/article/pii/S1877050916301429",
author = "Meryem Elallaoui and Khalid Nafil and Raja Touahni and Rochdi Messoussi",
keywords = "Testing, Model-Driven Testing, UML2, UML2 Testing Profile (U2TP), MDA"
}
@article{GUARISO198851,
title = "Expert Systems in Water Resources",
journal = "IFAC Proceedings Volumes",
volume = "21",
number = "17",
pages = "51 - 59",
year = "1988",
note = "4th IFAC Symposium on Systems Analysis Applied to Management of Water Resources, Rabat, Morocco, 11-13 October",
issn = "1474-6670",
doi = "https://doi.org/10.1016/S1474-6670(17)54555-3",
url = "http://www.sciencedirect.com/science/article/pii/S1474667017545553",
author = "G. Guariso",
keywords = "Expert systems, Mathematical modelling, Knowledge representation, Software engineering, Water resources"
}
@article{MONTESI20081694,
title = "Software engineering article types: An analysis of the literature",
journal = "Journal of Systems and Software",
volume = "81",
number = "10",
pages = "1694 - 1714",
year = "2008",
note = "Selected papers from the 30th Annual International Computer Software and Applications Conference (COMPSAC), Chicago, September 7–21, 2006",
issn = "0164-1212",
doi = "https://doi.org/10.1016/j.jss.2007.11.723",
url = "http://www.sciencedirect.com/science/article/pii/S0164121207003184",
author = "Michela Montesi and Patricia Lago",
keywords = "Article types, Article genres, Requirements for publication, Software engineering, Survey"
}
@article{MOHAN2007968,
title = "Traceability-based knowledge integration in group decision and negotiation activities",
journal = "Decision Support Systems",
volume = "43",
number = "3",
pages = "968 - 989",
year = "2007",
note = "Integrated Decision Support",
issn = "0167-9236",
doi = "https://doi.org/10.1016/j.dss.2005.05.026",
url = "http://www.sciencedirect.com/science/article/pii/S0167923605000916",
author = "Kannan Mohan and Balasubramaniam Ramesh",
keywords = "Knowledge integration, Traceability, Collaborative software development, Decision making, Group decision and negotiation, Work processes"
}
@article{TANG2018159,
title = "Arc4nix: A cross-platform geospatial analytical library for cluster and cloud computing",
journal = "Computers & Geosciences",
volume = "111",
pages = "159 - 166",
year = "2018",
issn = "0098-3004",
doi = "https://doi.org/10.1016/j.cageo.2017.11.011",
url = "http://www.sciencedirect.com/science/article/pii/S0098300417301073",
author = "Jingyin Tang and Corene J. Matyas",
keywords = "Spatial analytics, Geographic information system, Cloud computing, Python"
}
@incollection{ABBOTT2009205,
title = "Chapter 9 - Eclipse-Based Development Products",
editor = "Doug Abbott",
booktitle = "Embedded Linux Development Using Eclipse",
publisher = "Newnes",
address = "Boston",
pages = "205 - 234",
year = "2009",
isbn = "978-0-7506-8654-9",
doi = "https://doi.org/10.1016/B978-0-7506-8654-9.00009-5",
url = "http://www.sciencedirect.com/science/article/pii/B9780750686549000095",
author = "Doug Abbott"
}
@article{HENDRY2008545,
title = "Public participation in proprietary software development through user roles and discourse",
journal = "International Journal of Human-Computer Studies",
volume = "66",
number = "7",
pages = "545 - 557",
year = "2008",
note = "Collaborative and social aspects of software development",
issn = "1071-5819",
doi = "https://doi.org/10.1016/j.ijhcs.2007.12.002",
url = "http://www.sciencedirect.com/science/article/pii/S107158190700170X",
author = "David G. Hendry",
keywords = "Design informatics, Information management, Design knowledge management, Design information systems, Social creativity, Reflective practice, Free/open source software, Socio-technical analysis, Innovation, Social bookmarking, del.icio.us"
}
@article{KHAN201824,
title = "Design and implementation of an automated network monitoring and reporting back system",
journal = "Journal of Industrial Information Integration",
volume = "9",
pages = "24 - 34",
year = "2018",
issn = "2452-414X",
doi = "https://doi.org/10.1016/j.jii.2017.11.001",
url = "http://www.sciencedirect.com/science/article/pii/S2452414X17300602",
author = "Rafiullah Khan and Sarmad Ullah Khan",
keywords = "Network monitoring, Network management, Universal Plug & Play, Ticketing system, Reporting back system, Nagios"
}
@article{PAASIVAARA20141556,
title = "Communities of practice in a large distributed agile software development organization – Case Ericsson",
journal = "Information and Software Technology",
volume = "56",
number = "12",
pages = "1556 - 1577",
year = "2014",
note = "Special issue: Human Factors in Software Development",
issn = "0950-5849",
doi = "https://doi.org/10.1016/j.infsof.2014.06.008",
url = "http://www.sciencedirect.com/science/article/pii/S0950584914001475",
author = "Maria Paasivaara and Casper Lassenius",
keywords = "Communities of practice, Large-scale agile software development, Scaling agile"
}
@incollection{ABBOTT2009169,
title = "Chapter 8 - Eclipse Advanced Features",
editor = "Doug Abbott",
booktitle = "Embedded Linux Development Using Eclipse",
publisher = "Newnes",
address = "Boston",
pages = "169 - 204",
year = "2009",
isbn = "978-0-7506-8654-9",
doi = "https://doi.org/10.1016/B978-0-7506-8654-9.00008-3",
url = "http://www.sciencedirect.com/science/article/pii/B9780750686549000083",
author = "Doug Abbott"
}
@article{SILVA2012190,
title = "Designing a meta-model for a generic robotic agent system using Gaia methodology",
journal = "Information Sciences",
volume = "195",
pages = "190 - 210",
year = "2012",
issn = "0020-0255",
doi = "https://doi.org/10.1016/j.ins.2012.01.029",
url = "http://www.sciencedirect.com/science/article/pii/S0020025512000576",
author = "Daniel Castro Silva and Rodrigo A.M. Braga and Luís Paulo Reis and Eugénio Oliveira",
keywords = "Multi-robot systems, Open systems meta-model, Agent-oriented software engineering, Gaia"
}
@article{LUI2006915,
title = "Pair programming productivity: Novice–novice vs. expert–expert",
journal = "International Journal of Human-Computer Studies",
volume = "64",
number = "9",
pages = "915 - 925",
year = "2006",
issn = "1071-5819",
doi = "https://doi.org/10.1016/j.ijhcs.2006.04.010",
url = "http://www.sciencedirect.com/science/article/pii/S1071581906000644",
author = "Kim Man Lui and Keith C.C. Chan",
keywords = "Programming model, Pair programming, Programmer productivity"
}
@article{DEROO2016522,
title = "Spatiotemporal data as the foundation of an archaeological stratigraphy extraction and management system",
journal = "Journal of Cultural Heritage",
volume = "19",
pages = "522 - 530",
year = "2016",
issn = "1296-2074",
doi = "https://doi.org/10.1016/j.culher.2015.12.001",
url = "http://www.sciencedirect.com/science/article/pii/S1296207415001880",
author = "Berdien De Roo and Cornelis Stal and Britt Lonneville and Alain De Wulf and Jean Bourgeois and Philippe De Maeyer",
keywords = "Stratigraphy, Spatial information, Harris Matrix, Geodatabases, GIS, Data management"
}
@article{HUFF201646,
title = "Fundamental concepts in the Cyclus nuclear fuel cycle simulation framework",
journal = "Advances in Engineering Software",
volume = "94",
pages = "46 - 59",
year = "2016",
issn = "0965-9978",
doi = "https://doi.org/10.1016/j.advengsoft.2016.01.014",
url = "http://www.sciencedirect.com/science/article/pii/S0965997816300229",
author = "Kathryn D. Huff and Matthew J. Gidden and Robert W. Carlsen and Robert R. Flanagan and Meghan B. McGarry and Arrielle C. Opotowsky and Erich A. Schneider and Anthony M. Scopatz and Paul P.H. Wilson",
keywords = "Nuclear fuel cycle, Simulation, Agent based modeling, Nuclear engineering, Object orientation, Systems analysis"
}
@article{MARCHAND1986213,
title = "On commercial expert systems projects",
journal = "Future Generation Computer Systems",
volume = "2",
number = "4",
pages = "213 - 216",
year = "1986",
issn = "0167-739X",
doi = "https://doi.org/10.1016/0167-739X(86)90020-8",
url = "http://www.sciencedirect.com/science/article/pii/0167739X86900208",
author = "H. Marchand"
}
@article{CHAVESGONZALEZ201589,
title = "Teaching learning based optimization with Pareto tournament for the multiobjective software requirements selection",
journal = "Engineering Applications of Artificial Intelligence",
volume = "43",
pages = "89 - 101",
year = "2015",
issn = "0952-1976",
doi = "https://doi.org/10.1016/j.engappai.2015.04.002",
url = "http://www.sciencedirect.com/science/article/pii/S0952197615000834",
author = "José M. Chaves-González and Miguel A. Pérez-Toledano and Amparo Navasa",
keywords = "Software requirements selection, Multi-objective evolutionary algorithm, Teaching learning based optimization, Search Based Software Engineering, Next Release Problem, Swarm intelligence"
}
@article{LEBLANC20151937,
title = "DNA and 普通話 (Mandarin): Bringing introductory programming to the Life Sciences and Digital Humanities",
journal = "Procedia Computer Science",
volume = "51",
pages = "1937 - 1946",
year = "2015",
note = "International Conference On Computational Science, ICCS 2015",
issn = "1877-0509",
doi = "https://doi.org/10.1016/j.procs.2015.05.458",
url = "http://www.sciencedirect.com/science/article/pii/S1877050915012661",
author = "Mark D. LeBlanc and Michael D.C. Drout",
keywords = "Programming, Interdisciplinary, Multidisciplinary, Genomics, Bioinformatics, Digital humanities, Blended learning"
}
@incollection{SADRIEH20151559,
title = "A New Software Development Methodology for Controllability Analysis of Forced Circulation Evaporator System",
editor = "Krist V. Gernaey and Jakob K. Huusom and Rafiqul Gani",
series = "Computer Aided Chemical Engineering",
publisher = "Elsevier",
volume = "37",
pages = "1559 - 1564",
year = "2015",
booktitle = "12th International Symposium on Process Systems Engineering and 25th European Symposium on Computer Aided Process Engineering",
issn = "1570-7946",
doi = "https://doi.org/10.1016/B978-0-444-63577-8.50105-4",
url = "http://www.sciencedirect.com/science/article/pii/B9780444635778501054",
author = "Afshin Sadrieh and Parisa A. Bahri",
keywords = "Domain-specific languages, Forced circulation evaporator, Controllability analysis"
}
@article{MUNOZLOPEZ20177,
title = "Software development to increase coping skills in adolescents",
journal = "Journal of Behavior, Health & Social Issues",
volume = "9",
number = "1",
pages = "7 - 12",
year = "2017",
issn = "2007-0780",
doi = "https://doi.org/10.1016/j.jbhsi.2017.06.002",
url = "http://www.sciencedirect.com/science/article/pii/S2007078017300159",
author = "Miguel Ángel Muñoz-López and María del Rocío Hernández-Pozo",
keywords = "Cognitive behavioral, Treatment, Software, Assertiveness, Teenage, Cognitivo-conductual, Tratamiento, Software, Asertividad, Adolescencia"
}
@article{REYMOND201640,
title = "A new patent processing suite for academic and research purposes",
journal = "World Patent Information",
volume = "47",
pages = "40 - 50",
year = "2016",
issn = "0172-2190",
doi = "https://doi.org/10.1016/j.wpi.2016.10.001",
url = "http://www.sciencedirect.com/science/article/pii/S0172219016301132",
author = "David Reymond and Luc Quoniam",
keywords = "Patent retreival, Patent mining, Visualization, Education, Corpus creation, EspaceNet"
}
@article{KOSZTYAN20154460,
title = "Exact algorithm for matrix-based project planning problems",
journal = "Expert Systems with Applications",
volume = "42",
number = "9",
pages = "4460 - 4473",
year = "2015",
issn = "0957-4174",
doi = "https://doi.org/10.1016/j.eswa.2015.01.066",
url = "http://www.sciencedirect.com/science/article/pii/S0957417415000895",
author = "Zsolt T. Kosztyán",
keywords = "Project planning methods, Decision-making tools, Exact algorithms, Supporting traditional and agile project managements"
}
@article{GREENHOW2015593,
title = "Re-thinking scientific literacy out-of-school: Arguing science issues in a niche Facebook application",
journal = "Computers in Human Behavior",
volume = "53",
pages = "593 - 604",
year = "2015",
issn = "0747-5632",
doi = "https://doi.org/10.1016/j.chb.2015.06.031",
url = "http://www.sciencedirect.com/science/article/pii/S0747563215004719",
author = "Christine Greenhow and Thor Gibbins and Melissa M. Menzer",
keywords = "Scientific literacy, Social media, Facebook, Computer-supported collaborative learning, Informal learning, Argumentation"
}
@article{WORDSWORTH198727,
title = "Education in formal methods for software engineering",
journal = "Information and Software Technology",
volume = "29",
number = "1",
pages = "27 - 32",
year = "1987",
issn = "0950-5849",
doi = "https://doi.org/10.1016/0950-5849(87)90017-6",
url = "http://www.sciencedirect.com/science/article/pii/0950584987900176",
author = "John Wordsworth",
keywords = "data processing, information technology, software techniques, software engineering, education, formal methods"
}
@article{HARRISON1996417,
title = "Integrating multiple and diverse abstract knowledge types in real-time embedded systems",
journal = "Knowledge-Based Systems",
volume = "9",
number = "7",
pages = "417 - 434",
year = "1996",
issn = "0950-7051",
doi = "https://doi.org/10.1016/S0950-7051(96)01052-0",
url = "http://www.sciencedirect.com/science/article/pii/S0950705196010520",
author = "Alan Harrison and Peter G. Thomas",
keywords = "Real-time embedded system, Knowledge-based techniques, Knowledge-based components, Abstract knowledge types, Blackboard architecture, Software engineering principles, Ada"
}
@article{LANGE2007399,
title = "Supporting task-oriented modeling using interactive UML views",
journal = "Journal of Visual Languages & Computing",
volume = "18",
number = "4",
pages = "399 - 419",
year = "2007",
note = "Visual Interactions in Software Artifacts",
issn = "1045-926X",
doi = "https://doi.org/10.1016/j.jvlc.2007.07.002",
url = "http://www.sciencedirect.com/science/article/pii/S1045926X07000420",
author = "Christian F.J. Lange and Martijn A.M. Wijns and Michel R.V. Chaudron",
keywords = "UML, Interactive views, Quality, Task-orientation, Metrics, Comprehension, Empirical validation"
}
@article{JIN2015717,
title = "Prediction approach of software fault-proneness based on hybrid artificial neural network and quantum particle swarm optimization",
journal = "Applied Soft Computing",
volume = "35",
pages = "717 - 725",
year = "2015",
issn = "1568-4946",
doi = "https://doi.org/10.1016/j.asoc.2015.07.006",
url = "http://www.sciencedirect.com/science/article/pii/S1568494615004366",
author = "Cong Jin and Shu-Wei Jin",
keywords = "ANN, Software metrics, Fault-prone prediction, QPSO"
}
@incollection{AHAMED20143,
title = "1 - Computational Framework",
editor = "Syed V. Ahamed",
booktitle = "Next Generation Knowledge Machines",
publisher = "Elsevier",
address = "Oxford",
pages = "3 - 36",
year = "2014",
isbn = "978-0-12-416629-5",
doi = "https://doi.org/10.1016/B978-0-12-416629-5.00001-3",
url = "http://www.sciencedirect.com/science/article/pii/B9780124166295000013",
author = "Syed V. Ahamed",
keywords = "Velocity and flow of knowledge, knowledge processes, KPUs, commands to KPU, knowledge-based commands"
}
@article{BURGER201714118,
title = "A Schur Complement Method for Optimum Experimental Design in the Presence of Process Noise 11Support by the EU via ERC-HIGHWIND (259 166), ITN-TEMPO (607 957), and ITN-AWESCO (642 682), by DFG in context of the Research Unit FOR 2401 and by Ministerium fuer Wis-senschaft, Forschung und Kunst Baden-Wuerttemberg (Az: 22-7533.-30-20/9/3) is gratefully acknowledged.",
journal = "IFAC-PapersOnLine",
volume = "50",
number = "1",
pages = "14118 - 14124",
year = "2017",
note = "20th IFAC World Congress",
issn = "2405-8963",
doi = "https://doi.org/10.1016/j.ifacol.2017.08.1853",
url = "http://www.sciencedirect.com/science/article/pii/S2405896317324783",
author = "Adrian Bürger and Dimitris Kouzoupis and Angelika Altmann-Dieses and Moritz Diehl",
keywords = "Input, excitation design, Software for system identification"
}
@article{LLOYD20171,
title = "A supporting tool for requirements change management in distributed agile development",
journal = "Future Computing and Informatics Journal",
volume = "2",
number = "1",
pages = "1 - 9",
year = "2017",
issn = "2314-7288",
doi = "https://doi.org/10.1016/j.fcij.2017.04.001",
url = "http://www.sciencedirect.com/science/article/pii/S2314728817300053",
author = "Domia Lloyd and Ramadan Moawad and Mona Kadry",
keywords = "Distributed agile, Requirements changes"
}
@article{ANDRADE201318,
title = "An architectural model for software testing lesson learned systems",
journal = "Information and Software Technology",
volume = "55",
number = "1",
pages = "18 - 34",
year = "2013",
note = "Special section: Best papers from the 2nd International Symposium on Search Based Software Engineering 2010",
issn = "0950-5849",
doi = "https://doi.org/10.1016/j.infsof.2012.03.003",
url = "http://www.sciencedirect.com/science/article/pii/S0950584912000523",
author = "Javier Andrade and Juan Ares and María-Aurora Martínez and Juan Pazos and Santiago Rodríguez and Julio Romera and Sonia Suárez",
keywords = "Architectural model, Knowledge management, Lesson learned system, Software testing management, Software testing process improvement"
}
@article{AWAD2016110,
title = "Analyzing and repairing overlapping work items in process logs",
journal = "Information and Software Technology",
volume = "80",
pages = "110 - 123",
year = "2016",
issn = "0950-5849",
doi = "https://doi.org/10.1016/j.infsof.2016.08.010",
url = "http://www.sciencedirect.com/science/article/pii/S0950584916301410",
author = "Ahmed Awad and Nesma M. Zaki and Chiara Di Francescomarino",
keywords = "Process logs, Humans work patterns, Performance measurement, Business processes, Log analysis"
}
@article{MUKHERJI201295,
title = "A framework for managing customer knowledge in retail industry",
journal = "IIMB Management Review",
volume = "24",
number = "2",
pages = "95 - 103",
year = "2012",
issn = "0970-3896",
doi = "https://doi.org/10.1016/j.iimb.2012.02.003",
url = "http://www.sciencedirect.com/science/article/pii/S0970389612000250",
author = "Sourav Mukherji",
keywords = "Knowledge management, Customer knowledge, Retail business"
}
@article{SERNAM2014704,
title = "Ontology for knowledge management in software maintenance",
journal = "International Journal of Information Management",
volume = "34",
number = "5",
pages = "704 - 710",
year = "2014",
issn = "0268-4012",
doi = "https://doi.org/10.1016/j.ijinfomgt.2014.06.005",
url = "http://www.sciencedirect.com/science/article/pii/S026840121400067X",
author = "Edgar Serna M. and Alexei Serna A.",
keywords = "Knowledge management, Ontology, Software maintenance"
}
@article{SCHALL20141543,
title = "Who to follow recommendation in large-scale online development communities",
journal = "Information and Software Technology",
volume = "56",
number = "12",
pages = "1543 - 1555",
year = "2014",
note = "Special issue: Human Factors in Software Development",
issn = "0950-5849",
doi = "https://doi.org/10.1016/j.infsof.2013.12.003",
url = "http://www.sciencedirect.com/science/article/pii/S0950584913002322",
author = "Daniel Schall",
keywords = "Online communities, Software development, GitHub, Knowledge management, Who-to-follow recommendation, Social resilience"
}
@article{GULER2016830,
title = "Automating bibliometric analyses using Taverna scientific workflows: A tutorial on integrating Web Services",
journal = "Journal of Informetrics",
volume = "10",
number = "3",
pages = "830 - 841",
year = "2016",
issn = "1751-1577",
doi = "https://doi.org/10.1016/j.joi.2016.05.002",
url = "http://www.sciencedirect.com/science/article/pii/S1751157716300141",
author = "Arzu Tugce Guler and Cathelijn J.F. Waaijer and Yassene Mohammed and Magnus Palmblad",
keywords = "Bibliometrics, Europe PMC, PubMed, Taverna, Scientific workflows, R, Biomolecular interactions"
}
@article{BIEL20102031,
title = "Exploring the benefits of the combination of a software architecture analysis and a usability evaluation of a mobile application",
journal = "Journal of Systems and Software",
volume = "83",
number = "11",
pages = "2031 - 2044",
year = "2010",
note = "Interplay between Usability Evaluation and Software Development",
issn = "0164-1212",
doi = "https://doi.org/10.1016/j.jss.2010.03.079",
url = "http://www.sciencedirect.com/science/article/pii/S0164121210001421",
author = "Bettina Biel and Thomas Grill and Volker Gruhn",
keywords = "Human–computer interaction, Software architecture analysis, Usability evaluation, Software engineering"
}
@article{TURNBULL201594,
title = "Automated event and social network extraction from digital evidence sources with ontological mapping",
journal = "Digital Investigation",
volume = "13",
pages = "94 - 106",
year = "2015",
issn = "1742-2876",
doi = "https://doi.org/10.1016/j.diin.2015.04.004",
url = "http://www.sciencedirect.com/science/article/pii/S1742287615000444",
author = "Benjamin Turnbull and Suneel Randhawa",
keywords = "Artificial intelligence, Big data, Digital forensics, Digital evidence, Event representation, Forensic tool development, Knowledge representation, Ontology, Software engineering, Triage"
}