@article{SANTOS201326,
title = "The attraction of contributors in free and open source software projects",
journal = "The Journal of Strategic Information Systems",
volume = "22",
number = "1",
pages = "26 - 45",
year = "2013",
note = "Service Management and Engineering in Information Systems Research",
issn = "0963-8687",
doi = "https://doi.org/10.1016/j.jsis.2012.07.004",
url = "http://www.sciencedirect.com/science/article/pii/S0963868712000340",
author = "Carlos Santos and George Kuk and Fabio Kon and John Pearson",
keywords = "Attractiveness, Open source, Free software, Preferential attachment, Contributors, Contributions, Software development"
}
@article{TIAN2013209,
title = "The Large Aperture Optical Elements patent search system based on Domain Knowledge Organization System",
journal = "World Patent Information",
volume = "35",
number = "3",
pages = "209 - 213",
year = "2013",
issn = "0172-2190",
doi = "https://doi.org/10.1016/j.wpi.2013.04.007",
url = "http://www.sciencedirect.com/science/article/pii/S0172219013000641",
author = "Liang Tian and Yang Zhiping and Hu Zhengyin",
keywords = "Semiautomatic data capture, Knowledge system, Patent search, Semantic search, Control words, Word groups, Optical instruments, Domain knowledge"
}
@article{SUBANDRI2017478,
title = "Cyclomatic Complexity for Determining Product Complexity Level in COCOMO II",
journal = "Procedia Computer Science",
volume = "124",
pages = "478 - 486",
year = "2017",
note = "4th Information Systems International Conference 2017, ISICO 2017, 6-8 November 2017, Bali, Indonesia",
issn = "1877-0509",
doi = "https://doi.org/10.1016/j.procs.2017.12.180",
url = "http://www.sciencedirect.com/science/article/pii/S1877050917329484",
author = "Muhammad Asep Subandri and Riyanarto Sarno",
keywords = "Software Cost Estimation, COCOMO, Product Complexity Rating, Cyclomatic Complexity"
}
@article{CHEN201659,
title = "An open-source Matlab code package for improved rank-reduction 3D seismic data denoising and reconstruction",
journal = "Computers & Geosciences",
volume = "95",
pages = "59 - 66",
year = "2016",
issn = "0098-3004",
doi = "https://doi.org/10.1016/j.cageo.2016.06.017",
url = "http://www.sciencedirect.com/science/article/pii/S0098300416301650",
author = "Yangkang Chen and Weilin Huang and Dong Zhang and Wei Chen",
keywords = "Open-source Matlab code, Rank reduction, 3D seismic data, Reconstruction, Denoising"
}
@article{ERTURK20161020,
title = "Iterative software fault prediction with a hybrid approach",
journal = "Applied Soft Computing",
volume = "49",
pages = "1020 - 1033",
year = "2016",
issn = "1568-4946",
doi = "https://doi.org/10.1016/j.asoc.2016.08.025",
url = "http://www.sciencedirect.com/science/article/pii/S1568494616304197",
author = "Ezgi Erturk and Ebru Akcapinar Sezer",
keywords = "Software fault prediction, Iterative prediction, Artificial neural network, Fuzzy inference systems, Adaptive neuro fuzzy inference system"
}
@article{EDAN200119,
title = "Transfer of software engineering tools from information systems to production systems",
journal = "Computers & Industrial Engineering",
volume = "39",
number = "1",
pages = "19 - 34",
year = "2001",
issn = "0360-8352",
doi = "https://doi.org/10.1016/S0360-8352(00)00062-0",
url = "http://www.sciencedirect.com/science/article/pii/S0360835200000620",
author = "Y. Edan and N. Pliskin",
keywords = "Information system, Production system, Software engineering, Automation, Control, Programmable logic controllers, Robot, Numerically controlled"
}
@article{PAUL1991113,
title = "Adding Problem-Solving Capabilities to Existing Real-Time Systems",
journal = "IFAC Proceedings Volumes",
volume = "24",
number = "2",
pages = "113 - 118",
year = "1991",
note = "IFAC/IFIP Workshop on Real Time Programming, Atlanta, GA, USA, 15-17 May 1991",
issn = "1474-6670",
doi = "https://doi.org/10.1016/S1474-6670(17)51280-X",
url = "http://www.sciencedirect.com/science/article/pii/S147466701751280X",
author = "C.J. Paul and A. Acharya and B. Black and J.K. Strosnider",
keywords = "Artificial intelligence, real-time computer systems, software engineering, expert systems, heuristic programming, knowledge engineering, intelligent machines, OPS5"
}
@article{KAUR2017152,
title = "Software component and the semantic Web: An in-depth content analysis and integration history",
journal = "Journal of Systems and Software",
volume = "125",
pages = "152 - 169",
year = "2017",
issn = "0164-1212",
doi = "https://doi.org/10.1016/j.jss.2016.11.028",
url = "http://www.sciencedirect.com/science/article/pii/S0164121216302308",
author = "Loveleen Kaur and Ashutosh Mishra",
keywords = "Component-based software engineering, Semantic Web, Ontology, Reasoners, Web services, Linked Data"
}
@article{MAREK2015100,
title = "Introduction to dynamic program analysis with DiSL",
journal = "Science of Computer Programming",
volume = "98",
pages = "100 - 115",
year = "2015",
note = "Fifth issue of Experimental Software and Toolkits (EST): A special issue on Academics Modelling with Eclipse (ACME2012)",
issn = "0167-6423",
doi = "https://doi.org/10.1016/j.scico.2014.01.003",
url = "http://www.sciencedirect.com/science/article/pii/S0167642314000070",
author = "Lukáš Marek and Yudi Zheng and Danilo Ansaloni and Lubomír Bulej and Aibek Sarimbekov and Walter Binder and Petr Tůma",
keywords = "Dynamic program analysis, Bytecode instrumentation, Aspect-oriented programming, Domain-specific languages, Java Virtual Machine"
}
@article{YAMAMOTO2015960,
title = "A Systematic Knowledge Education Approach for Safety-Critical System Development",
journal = "Procedia Computer Science",
volume = "60",
pages = "960 - 967",
year = "2015",
note = "Knowledge-Based and Intelligent Information & Engineering Systems 19th Annual Conference, KES-2015, Singapore, September 2015 Proceedings",
issn = "1877-0509",
doi = "https://doi.org/10.1016/j.procs.2015.08.133",
url = "http://www.sciencedirect.com/science/article/pii/S1877050915022607",
author = "Shuichiro Yamamoto",
keywords = "System Safety Body of Knowledge, Systematic Knowledge Education, Case study"
}
@article{DEJONG2018,
title = "Free in, free out? Outbound transfer of user innovations in small UK firms",
journal = "Industrial Marketing Management",
year = "2018",
issn = "0019-8501",
doi = "https://doi.org/10.1016/j.indmarman.2018.01.008",
url = "http://www.sciencedirect.com/science/article/pii/S0019850118300191",
author = "Jeroen P.J. de Jong and Stephen Flowers",
keywords = "User innovation, Small firms, Diffusion, Knowledge transfer, Product development"
}
@article{BOURAS2014237,
title = "Policy recommendations for public administrators on free and open source software usage",
journal = "Telematics and Informatics",
volume = "31",
number = "2",
pages = "237 - 252",
year = "2014",
issn = "0736-5853",
doi = "https://doi.org/10.1016/j.tele.2013.06.003",
url = "http://www.sciencedirect.com/science/article/pii/S0736585313000361",
author = "Christos Bouras and Anestis Filopoulos and Vasileios Kokkinos and Sotiris Michalopoulos and Dimitris Papadopoulos and Georgia Tseliou",
keywords = "Free and open source software, Public administration, Guidelines, Policy recommendations"
}
@article{PERNSTAL20132797,
title = "The lean gap: A review of lean approaches to large-scale software systems development",
journal = "Journal of Systems and Software",
volume = "86",
number = "11",
pages = "2797 - 2821",
year = "2013",
issn = "0164-1212",
doi = "https://doi.org/10.1016/j.jss.2013.06.035",
url = "http://www.sciencedirect.com/science/article/pii/S0164121213001477",
author = "J. Pernstål and R. Feldt and T. Gorschek",
keywords = "Systematic mapping study, Software engineering, Lean product development, Lean software development, Agile software development, Automotive software development"
}
@article{MENOLLI2015289,
title = "“Old” theories, “New” technologies: Understanding knowledge sharing and learning in Brazilian software development companies",
journal = "Information and Software Technology",
volume = "58",
pages = "289 - 303",
year = "2015",
issn = "0950-5849",
doi = "https://doi.org/10.1016/j.infsof.2014.07.008",
url = "http://www.sciencedirect.com/science/article/pii/S0950584914001682",
author = "André Menolli and Maria Alexandra Cunha and Sheila Reinehr and Andreia Malucelli",
keywords = "Social tools, SECI, Communities of practice theory, Single- and double-loop learning, Software-development company, Survey"
}
@article{VIZCAINO20131200,
title = "Applying Q-methodology to analyse the success factors in GSD",
journal = "Information and Software Technology",
volume = "55",
number = "7",
pages = "1200 - 1211",
year = "2013",
issn = "0950-5849",
doi = "https://doi.org/10.1016/j.infsof.2013.01.003",
url = "http://www.sciencedirect.com/science/article/pii/S0950584913000141",
author = "Aurora Vizcaíno and Félix García and José Carlos Villar and Mario Piattini and Javier Portillo",
keywords = "Global Software Development (GSD), Success factor, Q-methodology"
}
@article{YANG201476,
title = "GUI testing assisted by human knowledge: Random vs. functional",
journal = "Journal of Systems and Software",
volume = "89",
pages = "76 - 86",
year = "2014",
issn = "0164-1212",
doi = "https://doi.org/10.1016/j.jss.2013.09.043",
url = "http://www.sciencedirect.com/science/article/pii/S0164121213002392",
author = "Weiran Yang and Zhenyu Chen and Zebao Gao and Yunxiao Zou and Xiaoran Xu",
keywords = "Random testing, Functional testing, Human knowledge"
}
@article{SICILIA2007117,
title = "Ontology of systems and software engineering",
journal = "Advanced Engineering Informatics",
volume = "21",
number = "2",
pages = "117 - 118",
year = "2007",
note = "Ontology of Systems and Software Engineering; Techniques to Support Collaborative Engineering Environments",
issn = "1474-0346",
doi = "https://doi.org/10.1016/j.aei.2006.11.005",
url = "http://www.sciencedirect.com/science/article/pii/S1474034606000723",
author = "Miguel-Angel Sicilia",
keywords = "Ontologies, Software engineering"
}
@article{VANSOLINGEN2000965,
title = "From process improvement to people improvement: enabling learning in software development",
journal = "Information and Software Technology",
volume = "42",
number = "14",
pages = "965 - 971",
year = "2000",
issn = "0950-5849",
doi = "https://doi.org/10.1016/S0950-5849(00)00148-8",
url = "http://www.sciencedirect.com/science/article/pii/S0950584900001488",
author = "R van Solingen and E Berghout and R Kusters and J Trienekens",
keywords = "Learning, Process improvement, Knowledge management, Software development, People"
}
@article{NAVRAT19961,
title = "Survey of Knowledge Based Approaches to Automating Program Formation",
journal = "Journal of King Saud University - Computer and Information Sciences",
volume = "8",
pages = "1 - 19",
year = "1996",
issn = "1319-1578",
doi = "https://doi.org/10.1016/S1319-1578(96)80003-6",
url = "http://www.sciencedirect.com/science/article/pii/S1319157896800036",
author = "Pavol Navrat"
}
@article{PARK2006179,
title = "A semi-automated filtering technique for software process tailoring using neural network",
journal = "Expert Systems with Applications",
volume = "30",
number = "2",
pages = "179 - 189",
year = "2006",
issn = "0957-4174",
doi = "https://doi.org/10.1016/j.eswa.2005.06.023",
url = "http://www.sciencedirect.com/science/article/pii/S0957417405001235",
author = "Soojin Park and Hoyoung Na and Sooyong Park and Vijayan Sugumaran",
keywords = "Process tailoring, Process filtering, Neural network, Software engineering"
}
@article{KHOSHNEVIS1985363,
title = "A framework for artificial intelligence applications software development",
journal = "Computers in Industry",
volume = "6",
number = "5",
pages = "363 - 369",
year = "1985",
issn = "0166-3615",
doi = "https://doi.org/10.1016/0166-3615(85)90003-X",
url = "http://www.sciencedirect.com/science/article/pii/016636158590003X",
author = "B. Khoshnevis and M.H. Chignell",
keywords = "User-Oriented Software, Artificial Intelligence, Expert Systems, Software Engineering, Tutorial"
}
@article{BJORN2017724,
title = "Evaluation of Open Source Medical Imaging Software: A Case Study on Health Technology Student Learning Experience",
journal = "Procedia Computer Science",
volume = "121",
pages = "724 - 731",
year = "2017",
note = "CENTERIS 2017 - International Conference on ENTERprise Information Systems / ProjMAN 2017 - International Conference on Project MANagement / HCist 2017 - International Conference on Health and Social Care Information Systems and Technologies, CENTERIS/ProjMAN/HCist 2017",
issn = "1877-0509",
doi = "https://doi.org/10.1016/j.procs.2017.11.094",
url = "http://www.sciencedirect.com/science/article/pii/S1877050917322949",
author = "Kari Björn",
keywords = "PACS, DICOM, knowledge production, curriculum, learning outcome, learning experience"
}
@article{BERGAMASCO201728,
title = "WASS: An open-source pipeline for 3D stereo reconstruction of ocean waves",
journal = "Computers & Geosciences",
volume = "107",
pages = "28 - 36",
year = "2017",
issn = "0098-3004",
doi = "https://doi.org/10.1016/j.cageo.2017.07.001",
url = "http://www.sciencedirect.com/science/article/pii/S0098300417304302",
author = "Filippo Bergamasco and Andrea Torsello and Mauro Sclavo and Francesco Barbariol and Alvise Benetazzo",
keywords = "Sea surface stereo reconstruction, Stereo reconstruction, 3D wave field, Camera calibration, Open-source software"
}
@article{LINDGREN201680,
title = "Raising the odds of success: the current state of experimentation in product development",
journal = "Information and Software Technology",
volume = "77",
pages = "80 - 91",
year = "2016",
issn = "0950-5849",
doi = "https://doi.org/10.1016/j.infsof.2016.04.008",
url = "http://www.sciencedirect.com/science/article/pii/S0950584916300647",
author = "Eveliina Lindgren and Jürgen Münch",
keywords = "Product management, Hypothesis-driven Software development, Experiment-driven Software development, Continuous experimentation, Lean startup, Lean UX"
}
@article{MORRIS198923,
title = "Maintenance-oriented design of expert systems",
journal = "ISA Transactions",
volume = "28",
number = "1",
pages = "23 - 26",
year = "1989",
issn = "0019-0578",
doi = "https://doi.org/10.1016/0019-0578(89)90052-9",
url = "http://www.sciencedirect.com/science/article/pii/0019057889900529",
author = "Lynn Morris"
}
@article{CUBRIC2013119,
title = "An agile method for teaching agile in business schools",
journal = "The International Journal of Management Education",
volume = "11",
number = "3",
pages = "119 - 131",
year = "2013",
issn = "1472-8117",
doi = "https://doi.org/10.1016/j.ijme.2013.10.001",
url = "http://www.sciencedirect.com/science/article/pii/S1472811713000359",
author = "Marija Cubric",
keywords = "Agile, CSCL, Experiential learning, Project management, Scrum, Wikis"
}
@article{ORTIN2017813,
title = "Design and evaluation of an alternative programming paradigms course",
journal = "Telematics and Informatics",
volume = "34",
number = "6",
pages = "813 - 823",
year = "2017",
note = "SI: IT Education & Training",
issn = "0736-5853",
doi = "https://doi.org/10.1016/j.tele.2016.09.014",
url = "http://www.sciencedirect.com/science/article/pii/S0736585316301393",
author = "Francisco Ortin and Jose Manuel Redondo and Jose Quiroga",
keywords = "Programming paradigms, Object-orientation, Functional programming, Concurrency, Parallelism, Meta-programming, Dynamic typing, C#"
}
@article{LANDWEHR2017354,
title = "Software Systems Engineering programmes a capability approach",
journal = "Journal of Systems and Software",
volume = "125",
pages = "354 - 364",
year = "2017",
issn = "0164-1212",
doi = "https://doi.org/10.1016/j.jss.2016.12.016",
url = "http://www.sciencedirect.com/science/article/pii/S0164121216302576",
author = "Carl Landwehr and Jochen Ludewig and Robert Meersman and David Lorge Parnas and Peretz Shoval and Yair Wand and David Weiss and Elaine Weyuker",
keywords = "Engineering, Education, Software education, Information systems, Software design, Software development, Software documentation"
}
@article{WEBER2016121,
title = "Takin: An open-source software for experiment planning, visualisation, and data analysis",
journal = "SoftwareX",
volume = "5",
pages = "121 - 126",
year = "2016",
issn = "2352-7110",
doi = "https://doi.org/10.1016/j.softx.2016.06.002",
url = "http://www.sciencedirect.com/science/article/pii/S2352711016300152",
author = "Tobias Weber and Robert Georgii and Peter Böni",
keywords = "Triple-axis spectroscopy, Instrument control, Reciprocal and real space visualisation, Instrument resolution, Resolution convolution"
}
@article{GRUNDY2000103,
title = "Constructing component-based software engineering environments: issues and experiences",
journal = "Information and Software Technology",
volume = "42",
number = "2",
pages = "103 - 114",
year = "2000",
issn = "0950-5849",
doi = "https://doi.org/10.1016/S0950-5849(99)00084-1",
url = "http://www.sciencedirect.com/science/article/pii/S0950584999000841",
author = "J Grundy and W Mugridge and J Hosking",
keywords = "Component-based software architectures, Multiple views, Consistency management, Tool integration, Task automation"
}
@incollection{BULT1991100,
title = "A Mix of Software Engineering and Knowledge Engineering",
editor = "Ching Y. Suen and Rajjan Shinghal",
booktitle = "Operational Expert System Applications in Canada",
publisher = "Pergamon",
address = "Amsterdam",
pages = "100 - 113",
year = "1991",
isbn = "978-0-08-041431-7",
doi = "https://doi.org/10.1016/B978-0-08-041431-7.50013-2",
url = "http://www.sciencedirect.com/science/article/pii/B9780080414317500132",
author = "TIMOTHY BULT"
}
@article{HOEGL2003281,
title = "When teamwork really matters: task innovativeness as a moderator of the teamwork–performance relationship in software development projects",
journal = "Journal of Engineering and Technology Management",
volume = "20",
number = "4",
pages = "281 - 302",
year = "2003",
issn = "0923-4748",
doi = "https://doi.org/10.1016/j.jengtecman.2003.08.001",
url = "http://www.sciencedirect.com/science/article/pii/S0923474803000365",
author = "Martin Hoegl and K Praveen Parboteeah and Hans Georg Gemuenden",
keywords = "Teamwork, Innovativeness, Software development"
}
@article{KHATCHADOURIAN201756,
title = "Detecting broken pointcuts using structural commonality and degree of interest",
journal = "Science of Computer Programming",
volume = "150",
pages = "56 - 74",
year = "2017",
issn = "0167-6423",
doi = "https://doi.org/10.1016/j.scico.2017.06.011",
url = "http://www.sciencedirect.com/science/article/pii/S0167642317301326",
author = "Raffi Khatchadourian and Awais Rashid and Hidehiko Masuhara and Takuya Watanabe",
keywords = "Software development environments, Software maintenance, Software tools"
}
@article{BOLLOJU20129398,
title = "A knowledge-based system for improving the consistency between object models and use case narratives",
journal = "Expert Systems with Applications",
volume = "39",
number = "10",
pages = "9398 - 9410",
year = "2012",
issn = "0957-4174",
doi = "https://doi.org/10.1016/j.eswa.2012.02.126",
url = "http://www.sciencedirect.com/science/article/pii/S0957417412003892",
author = "Narasimha Bolloju and Christoph Schneider and Vijayan Sugumaran",
keywords = "Object modeling, Use case narratives, Class diagrams, Model consistency, Knowledge-based systems"
}
@article{STOICUTIVADAR2000209,
title = "Case Tools for Process Control and Instrumentation Applications Development",
journal = "IFAC Proceedings Volumes",
volume = "33",
number = "1",
pages = "209 - 214",
year = "2000",
note = "IFAC Workshop on Programmable Devices and Systems (PDS 2000), Ostrava, Czech Republic, 8-9 February 2000",
issn = "1474-6670",
doi = "https://doi.org/10.1016/S1474-6670(17)35615-X",
url = "http://www.sciencedirect.com/science/article/pii/S147466701735615X",
author = "Vasile Stoicu-Tivadar and Lăcrămioara Stoicu-Tivadar",
keywords = "Software engineering, CASE, Software metrics, Real-time systems, Expert systems"
}
@article{HAITZER2017119,
title = "Reconciling software architecture and source code in support of software evolution",
journal = "Journal of Systems and Software",
volume = "123",
pages = "119 - 144",
year = "2017",
issn = "0164-1212",
doi = "https://doi.org/10.1016/j.jss.2016.10.012",
url = "http://www.sciencedirect.com/science/article/pii/S0164121216302114",
author = "Thomas Haitzer and Elena Navarro and Uwe Zdun",
keywords = "Components, ADLs, Architecture reconstruction, Evolution styles, M2M transformation, Architectural knowledge"
}
@article{STARON20101069,
title = "A method for forecasting defect backlog in large streamline software development projects and its industrial evaluation",
journal = "Information and Software Technology",
volume = "52",
number = "10",
pages = "1069 - 1079",
year = "2010",
issn = "0950-5849",
doi = "https://doi.org/10.1016/j.infsof.2010.05.005",
url = "http://www.sciencedirect.com/science/article/pii/S0950584910000832",
author = "Miroslaw Staron and Wilhelm Meding and Bo Söderqvist",
keywords = "Quality metrics, Defect prediction, Early warning, LEAN software development, Streamline development"
}
@article{BAKER20053,
title = "An experimental card game for teaching software engineering processes",
journal = "Journal of Systems and Software",
volume = "75",
number = "1",
pages = "3 - 16",
year = "2005",
note = "Software Engineering Education and Training",
issn = "0164-1212",
doi = "https://doi.org/10.1016/j.jss.2004.02.033",
url = "http://www.sciencedirect.com/science/article/pii/S0164121204000378",
author = "Alex Baker and Emily Oh Navarro and André van der Hoek",
keywords = "Software engineering education, Educational games, Software engineering simulation, Simulation games"
}
@article{GANRY2017946,
title = "Three-dimensional surgical modelling with an open-source software protocol: study of precision and reproducibility in mandibular reconstruction with the fibula free flap",
journal = "International Journal of Oral and Maxillofacial Surgery",
volume = "46",
number = "8",
pages = "946 - 957",
year = "2017",
issn = "0901-5027",
doi = "https://doi.org/10.1016/j.ijom.2017.02.1276",
url = "http://www.sciencedirect.com/science/article/pii/S0901502717313437",
author = "L. Ganry and J. Quilichini and C.M. Bandini and P. Leyder and B. Hersant and J.P. Meningaud",
keywords = "3D modelling, 3D printing, surgical guide, mandibular reconstruction, fibula free flap, CAD–CAS"
}
@article{BOLLOJU20122893,
title = "A knowledge-based object modeling advisor for developing quality object models",
journal = "Expert Systems with Applications",
volume = "39",
number = "3",
pages = "2893 - 2906",
year = "2012",
issn = "0957-4174",
doi = "https://doi.org/10.1016/j.eswa.2011.08.151",
url = "http://www.sciencedirect.com/science/article/pii/S0957417411012826",
author = "Narasimha Bolloju and Vijayan Sugumaran",
keywords = "Class diagrams, Knowledge-based system, Model quality, Object modeling"
}
@article{NISHIHARA20151014,
title = "A Web-based Application for Writing Novels",
journal = "Procedia Computer Science",
volume = "60",
pages = "1014 - 1020",
year = "2015",
note = "Knowledge-Based and Intelligent Information & Engineering Systems 19th Annual Conference, KES-2015, Singapore, September 2015 Proceedings",
issn = "1877-0509",
doi = "https://doi.org/10.1016/j.procs.2015.08.144",
url = "http://www.sciencedirect.com/science/article/pii/S1877050915022711",
author = "Shouhei Nishihara and Motoki Miura",
keywords = "Keyword Suggestion, Novice Writer Support, Web-based Editor ;"
}
@article{WEI2018175,
title = "Psychological contract model for knowledge collaboration in virtual community of practice: An analysis based on the game theory",
journal = "Applied Mathematics and Computation",
volume = "329",
pages = "175 - 187",
year = "2018",
issn = "0096-3003",
doi = "https://doi.org/10.1016/j.amc.2018.01.053",
url = "http://www.sciencedirect.com/science/article/pii/S0096300318300766",
author = "Wei Wei and Jun Wang and Xuanyi Chen and Jing Yang and Xiaowei Min",
keywords = "Knowledge collaboration, Virtual community of practice, Game theory, Psychological contracts"
}
@incollection{BOUNTOURI201723,
title = "2 - Archival management software",
editor = "Lina Bountouri",
booktitle = "Archives in the Digital Age",
publisher = "Chandos Publishing",
pages = "23 - 27",
year = "2017",
isbn = "978-1-84334-777-4",
doi = "https://doi.org/10.1016/B978-1-84334-777-4.00002-5",
url = "http://www.sciencedirect.com/science/article/pii/B9781843347774000025",
author = "Lina Bountouri",
keywords = "Information system, evaluation of information system, archival management software, archival information systems, ICA-AtoM, AtoM, CollectiveAccess, ArchivesSpace, Archeevo, Soutron Digital Archive, XML editors, XML authoring tools, EAD authoring tools, EAD templates"
}
@article{ACHSAN2015622,
title = "Indonesia Coal Trade System: A Knowledge-based Application Software",
journal = "Procedia Engineering",
volume = "100",
pages = "622 - 629",
year = "2015",
note = "25th DAAAM International Symposium on Intelligent Manufacturing and Automation, 2014",
issn = "1877-7058",
doi = "https://doi.org/10.1016/j.proeng.2015.01.413",
url = "http://www.sciencedirect.com/science/article/pii/S1877705815004403",
author = "Harry T. Yani Achsan and Quintin KD. Barcah",
keywords = "information system, workflow, knowledge based system, coal trade, indonesia"
}
@article{GOIKOETXEA2018,
title = "Bilingual embeddings with random walks over multilingual wordnets",
journal = "Knowledge-Based Systems",
year = "2018",
issn = "0950-7051",
doi = "https://doi.org/10.1016/j.knosys.2018.03.017",
url = "http://www.sciencedirect.com/science/article/pii/S0950705118301412",
author = "Josu Goikoetxea and Aitor Soroa and Eneko Agirre",
keywords = "Multilinguality, Distributional semantics, Embeddings, Random walks, Wordnet"
}
@incollection{SCHMIDT2013275,
title = "Chapter 16 - Software Control Practice",
editor = "Richard F. Schmidt",
booktitle = "Software Engineering",
publisher = "Morgan Kaufmann",
address = "Boston",
pages = "275 - 285",
year = "2013",
isbn = "978-0-12-407768-3",
doi = "https://doi.org/10.1016/B978-0-12-407768-3.00016-1",
url = "http://www.sciencedirect.com/science/article/pii/B9780124077683000161",
author = "Richard F. Schmidt",
keywords = "change request, change proposal, change evaluation package, change assimilation"
}
@article{LIN200868,
title = "Impact of user skills and network effects on the competition between open source and proprietary software",
journal = "Electronic Commerce Research and Applications",
volume = "7",
number = "1",
pages = "68 - 81",
year = "2008",
note = "Market transformation in a networked global economy",
issn = "1567-4223",
doi = "https://doi.org/10.1016/j.elerap.2007.01.003",
url = "http://www.sciencedirect.com/science/article/pii/S1567422307000051",
author = "Lihui Lin",
keywords = "Duopoly, Economic analysis, Market structure, Network effect, Open source software, Open source software skills, User customization, User heterogeneity"
}
@incollection{MORE2016191,
title = "Chapter 4.0 - Boosting",
editor = "Josh More and Anthony J. Stieber and Chris Liu",
booktitle = "Breaking Into Information Security",
publisher = "Syngress",
address = "Boston",
pages = "191 - 194",
year = "2016",
isbn = "978-0-12-800783-9",
doi = "https://doi.org/10.1016/B978-0-12-800783-9.00061-6",
url = "http://www.sciencedirect.com/science/article/pii/B9780128007839000616",
author = "Josh More and Anthony J. Stieber and Chris Liu",
keywords = "personal development, learning/do/teach, volunteering"
}
@article{YANNIBELLI20118403,
title = "A knowledge-based evolutionary assistant to software development project scheduling",
journal = "Expert Systems with Applications",
volume = "38",
number = "7",
pages = "8403 - 8413",
year = "2011",
issn = "0957-4174",
doi = "https://doi.org/10.1016/j.eswa.2011.01.035",
url = "http://www.sciencedirect.com/science/article/pii/S0957417411000558",
author = "Virginia Yannibelli and Analía Amandi",
keywords = "Project scheduling, Software projects, Human resource assignment, Multi-skilled resources, Heterogeneous effectivities, Genetic algorithms"
}
@article{JU2012331,
title = "Internet of Knowledge Plus Knowledge Cloud–A Future Education Ecosystem",
journal = "IERI Procedia",
volume = "2",
pages = "331 - 336",
year = "2012",
note = "International Conference on Future Computer Supported Education, August 22- 23, 2012,Fraser Place Central - Seoul",
issn = "2212-6678",
doi = "https://doi.org/10.1016/j.ieri.2012.06.097",
url = "http://www.sciencedirect.com/science/article/pii/S2212667812001050",
author = "Dehua Ju and Beijun Shen",
keywords = "IoK, Knowledge cloud, Knowledge service, KaaS, BOK-based, Education ecosystem"
}
@article{HASSANIPAK201618,
title = "Developing integrated crop knowledge networks to advance candidate gene discovery",
journal = "Applied & Translational Genomics",
volume = "11",
pages = "18 - 26",
year = "2016",
issn = "2212-0661",
doi = "https://doi.org/10.1016/j.atg.2016.10.003",
url = "http://www.sciencedirect.com/science/article/pii/S2212066116300308",
author = "Keywan Hassani-Pak and Martin Castellote and Maria Esch and Matthew Hindle and Artem Lysenko and Jan Taubert and Christopher Rawlings",
keywords = "Bioinformatics, Knowledge network, Data integration, Gene discovery, Knowledge discovery, crop genomics"
}
@article{SAFWAT2015442,
title = "Addressing Challenges of Ultra Large Scale System on Requirements Engineering",
journal = "Procedia Computer Science",
volume = "65",
pages = "442 - 449",
year = "2015",
note = "International Conference on Communications, management, and Information technology (ICCMIT'2015)",
issn = "1877-0509",
doi = "https://doi.org/10.1016/j.procs.2015.09.116",
url = "http://www.sciencedirect.com/science/article/pii/S1877050915029464",
author = "Ahmed Safwat and M.B. Senousy",
keywords = "ULS, ULS Challenges, Requirements Engineering"
}
@article{ASHRAFI1995405,
title = "Expert systems reliability: A life cycle approach",
journal = "Information & Management",
volume = "28",
number = "6",
pages = "405 - 414",
year = "1995",
issn = "0378-7206",
doi = "https://doi.org/10.1016/0378-7206(95)00004-G",
url = "http://www.sciencedirect.com/science/article/pii/037872069500004G",
author = "N. Ashrafi and J.-P. Kuilboer and J.M. Wagner",
keywords = "Expert system reliability, Expert system development, Life-cycle, Software engineering"
}
@article{XU2004141,
title = "Identification of fuzzy models of software cost estimation",
journal = "Fuzzy Sets and Systems",
volume = "145",
number = "1",
pages = "141 - 163",
year = "2004",
note = "Computational Intelligence in Software Engineering",
issn = "0165-0114",
doi = "https://doi.org/10.1016/j.fss.2003.10.008",
url = "http://www.sciencedirect.com/science/article/pii/S0165011403004408",
author = "Zhiwei Xu and Taghi M. Khoshgoftaar",
keywords = "Fuzzy identification, Rule generation, Software cost estimation, Fuzzy clustering, COCOMO models"
}
@article{BEDIA2017,
title = "Seasonal predictions of Fire Weather Index: Paving the way for their operational applicability in Mediterranean Europe",
journal = "Climate Services",
year = "2017",
issn = "2405-8807",
doi = "https://doi.org/10.1016/j.cliser.2017.04.001",
url = "http://www.sciencedirect.com/science/article/pii/S2405880716300826",
author = "Joaquín Bedia and Nicola Golding and Ana Casanueva and Maialen Iturbide and Carlo Buontempo and Jose Manuel Gutiérrez",
keywords = "Climate impact indicators, Quantile mapping, Bias correction, System 4, Fire danger, Seasonal forecasting"
}
@incollection{BAGERT20041,
title = "Licensing and Certification of Software Professionals",
series = "Advances in Computers",
publisher = "Elsevier",
volume = "60",
pages = "1 - 34",
year = "2004",
issn = "0065-2458",
doi = "https://doi.org/10.1016/S0065-2458(03)60001-X",
url = "http://www.sciencedirect.com/science/article/pii/S006524580360001X",
author = "Donald J Bagert"
}
@article{RAZALI20131562,
title = "Assessing Students’ Acceptance of Case Method in Software Engineering Education – A Survey",
journal = "Procedia - Social and Behavioral Sciences",
volume = "93",
pages = "1562 - 1568",
year = "2013",
note = "3rd World Conference on Learning, Teaching and Educational Leadership",
issn = "1877-0428",
doi = "https://doi.org/10.1016/j.sbspro.2013.10.082",
url = "http://www.sciencedirect.com/science/article/pii/S1877042813035271",
author = "Rozilawati Razali and Dzulaiha Aryanee Putri Zainal",
keywords = "Software engineering education, Case method, Empirical assessment."
}
@article{MOAVEN2015236,
title = "Towards a Knowledge Based Approach to Style Driven Architecture Design",
journal = "Procedia Computer Science",
volume = "62",
pages = "236 - 244",
year = "2015",
note = "Proceedings of the 2015 International Conference on Soft Computing and Software Engineering (SCSE'15)",
issn = "1877-0509",
doi = "https://doi.org/10.1016/j.procs.2015.08.445",
url = "http://www.sciencedirect.com/science/article/pii/S1877050915025806",
author = "Shahrouz Moaven and Jafar Habibi and Razie Alidoosti and Alireza Parvizi Mosaed",
keywords = "Knowledge Management, Software Architecture, Style, Pattern ;"
}
@article{CARRINGTON200529,
title = "An industry/university collaboration to upgrade software engineering knowledge and skills in industry",
journal = "Journal of Systems and Software",
volume = "75",
number = "1",
pages = "29 - 39",
year = "2005",
note = "Software Engineering Education and Training",
issn = "0164-1212",
doi = "https://doi.org/10.1016/j.jss.2004.02.020",
url = "http://www.sciencedirect.com/science/article/pii/S0164121204000391",
author = "David Carrington and Paul Strooper and Sharron Newby and Terry Stevenson",
keywords = "Software engineering education, Industry training, Industry/university collaboration"
}
@article{FERNANDES201173,
title = "Performance Evaluation of Software Development Teams: a Practical Case Study",
journal = "Electronic Notes in Theoretical Computer Science",
volume = "275",
pages = "73 - 92",
year = "2011",
note = "Fifth International Workshop on the Practical Application of Stochastic Modelling (PASM)",
issn = "1571-0661",
doi = "https://doi.org/10.1016/j.entcs.2011.09.006",
url = "http://www.sciencedirect.com/science/article/pii/S1571066111000971",
author = "Paulo Fernandes and Afonso Sales and Alan R. Santos and Thais Webber",
keywords = "Performance Evaluation, Analytical Modeling, Stochastic Automata Networks, Global Software Development, Team Building Process"
}
@article{TERRA201819,
title = "JMove: A novel heuristic and tool to detect move method refactoring opportunities",
journal = "Journal of Systems and Software",
volume = "138",
pages = "19 - 36",
year = "2018",
issn = "0164-1212",
doi = "https://doi.org/10.1016/j.jss.2017.11.073",
url = "http://www.sciencedirect.com/science/article/pii/S0164121217302960",
author = "Ricardo Terra and Marco Tulio Valente and Sergio Miranda and Vitor Sales",
keywords = "Move method refactorings, Recommendation systems, Dependency sets, JMove, JDeodorant, Methodbook"
}
@article{TAKATSUKA20021131,
title = "GeoVISTA Studio: a codeless visual programming environment for geoscientific data analysis and visualization",
journal = "Computers & Geosciences",
volume = "28",
number = "10",
pages = "1131 - 1144",
year = "2002",
note = "Shareware and freeware in the Geosciences II. A special issue in honour of John Butler",
issn = "0098-3004",
doi = "https://doi.org/10.1016/S0098-3004(02)00031-6",
url = "http://www.sciencedirect.com/science/article/pii/S0098300402000316",
author = "Masahiro Takatsuka and Mark Gahegan",
keywords = "Visual programming, Exploratory data analysis (EDA), Knowledge construction, Java, Component-oriented programming (COP)"
}
@article{KIM200659,
title = "An expert system approach to art psychotherapy",
journal = "The Arts in Psychotherapy",
volume = "33",
number = "1",
pages = "59 - 75",
year = "2006",
issn = "0197-4556",
doi = "https://doi.org/10.1016/j.aip.2005.07.004",
url = "http://www.sciencedirect.com/science/article/pii/S0197455605000729",
author = "Seong-in Kim and Hyun-Jung Ryu and Jun-Oh Hwang and Marie Seong-Hak Kim",
keywords = "Expert system, Artificial intelligence, Knowledge-base, Diagnostic process"
}
@article{HIPPOLYTE2018210,
title = "Ontology-driven development of web services to support district energy applications",
journal = "Automation in Construction",
volume = "86",
pages = "210 - 225",
year = "2018",
issn = "0926-5805",
doi = "https://doi.org/10.1016/j.autcon.2017.10.004",
url = "http://www.sciencedirect.com/science/article/pii/S0926580517308907",
author = "J.-L. Hippolyte and Y. Rezgui and H. Li and B. Jayan and S. Howell",
keywords = "Ontology design, Domain engineering, Software development, Intelligent web services, Semantic web"
}
@article{SU2018359,
title = "EEG-Annotate: Automated identification and labeling of events in continuous signals with applications to EEG",
journal = "Journal of Neuroscience Methods",
volume = "293",
pages = "359 - 374",
year = "2018",
issn = "0165-0270",
doi = "https://doi.org/10.1016/j.jneumeth.2017.10.011",
url = "http://www.sciencedirect.com/science/article/pii/S0165027017303655",
author = "Kyung-min Su and W. David Hairston and Kay Robbins",
keywords = "EEG, Single-trial ERP, Time-locked, Event identification, Stimulus-response"
}
@article{STANKOVIC2009576,
title = "Single development project",
journal = "Journal of Systems and Software",
volume = "82",
number = "4",
pages = "576 - 582",
year = "2009",
note = "Special Issue: Selected papers from the 2008 IEEE Conference on Software Engineering Education and Training (CSEET08)",
issn = "0164-1212",
doi = "https://doi.org/10.1016/j.jss.2008.12.046",
url = "http://www.sciencedirect.com/science/article/pii/S0164121208002811",
author = "Nenad Stankovic",
keywords = "Education, Software engineering, Project"
}
@article{JOVANOVIC2017174,
title = "Transition of organizational roles in Agile transformation process: A grounded theory approach",
journal = "Journal of Systems and Software",
volume = "133",
pages = "174 - 194",
year = "2017",
issn = "0164-1212",
doi = "https://doi.org/10.1016/j.jss.2017.07.008",
url = "http://www.sciencedirect.com/science/article/pii/S0164121217301486",
author = "Miloš Jovanović and Antonia Mas and Antoni-Lluís Mesquida and Bojan Lalić",
keywords = "Agile transformation process, Organizational roles, Software development, Grounded theory"
}
@article{GONCALVES201853,
title = "Identifying HCI approaches to support CMMI-DEV for interactive system development",
journal = "Computer Standards & Interfaces",
volume = "58",
pages = "53 - 86",
year = "2018",
issn = "0920-5489",
doi = "https://doi.org/10.1016/j.csi.2017.12.003",
url = "http://www.sciencedirect.com/science/article/pii/S0920548917300910",
author = "Taisa Guidini Gonçalves and Káthia Marçal Oliveira and Christophe Kolski",
keywords = "Capability Maturity Model Integration, CMMI-DEV, Human–Computer Interaction, Interactive systems"
}
@article{CAIRO20128108,
title = "The KAMET II methodology: Knowledge acquisition, knowledge modeling and knowledge generation",
journal = "Expert Systems with Applications",
volume = "39",
number = "9",
pages = "8108 - 8114",
year = "2012",
issn = "0957-4174",
doi = "https://doi.org/10.1016/j.eswa.2012.01.155",
url = "http://www.sciencedirect.com/science/article/pii/S0957417412001753",
author = "Osvaldo Cairó and Silvia Guardati",
keywords = "Knowledge acquisition, Knowledge modeling, Knowledge generation"
}
@article{FARAGARDI201864,
title = "A resource efficient framework to run automotive embedded software on multi-core ECUs",
journal = "Journal of Systems and Software",
volume = "139",
pages = "64 - 83",
year = "2018",
issn = "0164-1212",
doi = "https://doi.org/10.1016/j.jss.2018.01.040",
url = "http://www.sciencedirect.com/science/article/pii/S0164121218300153",
author = "Hamid Reza faragardi and Björn Lisper and Kristian Sandström and Thomas Nolte"
}
@article{DEKLEIJN201623,
title = "A 3D spatial data infrastructure for Mapping the Via Appia",
journal = "Digital Applications in Archaeology and Cultural Heritage",
volume = "3",
number = "2",
pages = "23 - 32",
year = "2016",
issn = "2212-0548",
doi = "https://doi.org/10.1016/j.daach.2016.03.001",
url = "http://www.sciencedirect.com/science/article/pii/S221205481630008X",
author = "Maurice de Kleijn and Rens de Hond and Oscar Martinez-Rubi",
keywords = "3D GIS, Free and Open Source Software (FOSS), 3D Spatial Data Infrastructure, Reconstructions, Archaeology, Rome"
}
@article{NARRA20171,
title = "CERA: An open-source tool for coastal erosion risk assessment",
journal = "Ocean & Coastal Management",
volume = "142",
pages = "1 - 14",
year = "2017",
issn = "0964-5691",
doi = "https://doi.org/10.1016/j.ocecoaman.2017.03.013",
url = "http://www.sciencedirect.com/science/article/pii/S0964569117302429",
author = "Pedro Narra and Carlos Coelho and Francisco Sancho and Jaime Palalane",
keywords = "Vulnerability, Consequence, Hazard, Exposure, GIS, Aveiro, Macaneta"
}
@article{STEEN2007625,
title = "Practical knowledge and its importance for software product quality",
journal = "Information and Software Technology",
volume = "49",
number = "6",
pages = "625 - 636",
year = "2007",
note = "Qualitative Software Engineering Research",
issn = "0950-5849",
doi = "https://doi.org/10.1016/j.infsof.2007.02.006",
url = "http://www.sciencedirect.com/science/article/pii/S0950584907000109",
author = "Odd Steen",
keywords = "Software quality, Software development, Quality assessment ability, Practical knowledge"
}
@article{MCDERMID1990163,
title = "Skills and Technologies for the Development and Evaluation of Safety Critical Systems",
journal = "IFAC Proceedings Volumes",
volume = "23",
number = "6",
pages = "163 - 171",
year = "1990",
note = "IFAC/EWICS/SARS Symposium on Safety of Computer Control Systems 1990 (SAFECOMP'90), Gatwick, UK, 30 October-November 2, 1990",
issn = "1474-6670",
doi = "https://doi.org/10.1016/S1474-6670(17)52195-3",
url = "http://www.sciencedirect.com/science/article/pii/S1474667017521953",
author = "J.A. McDermid",
keywords = "Safety, software development, software engineering, specification languages, program translators, formal languages, redundancy"
}
@article{PILAR201495,
title = "Semi-automated Tool Recommender for Software Development Processes",
journal = "Electronic Notes in Theoretical Computer Science",
volume = "302",
pages = "95 - 109",
year = "2014",
note = "Proceedings of the XXXIX Latin American Computing Conference (CLEI 2013)",
issn = "1571-0661",
doi = "https://doi.org/10.1016/j.entcs.2014.01.022",
url = "http://www.sciencedirect.com/science/article/pii/S1571066114000231",
author = "Marina Pilar and Jocelyn Simmonds and Hernán Astudillo",
keywords = "software development process, taxonomy, testing tools, multi-criteria decision-making"
}
@article{GONZALEZ201680,
title = "PARAVT: Parallel Voronoi tessellation code",
journal = "Astronomy and Computing",
volume = "17",
pages = "80 - 85",
year = "2016",
issn = "2213-1337",
doi = "https://doi.org/10.1016/j.ascom.2016.06.003",
url = "http://www.sciencedirect.com/science/article/pii/S2213133716300609",
author = "R.E. González",
keywords = "Methods: -body simulations, Large-scale structure of universe, Software and its engineering: Massively parallel systems"
}
@article{ALHAMWI20171,
title = "GIS-based urban energy systems models and tools: Introducing a model for the optimisation of flexibilisation technologies in urban areas",
journal = "Applied Energy",
volume = "191",
pages = "1 - 9",
year = "2017",
issn = "0306-2619",
doi = "https://doi.org/10.1016/j.apenergy.2017.01.048",
url = "http://www.sciencedirect.com/science/article/pii/S0306261917300569",
author = "Alaa Alhamwi and Wided Medjroubi and Thomas Vogt and Carsten Agert",
keywords = "Geographic information systems, Urban energy systems, Flexibilisation options, Open source data, OpenStreetMap, Cities"
}
@article{GONZALEZTORRES201655,
title = "Knowledge discovery in software teams by means of evolutionary visual software analytics",
journal = "Science of Computer Programming",
volume = "121",
pages = "55 - 74",
year = "2016",
note = "Special Issue on Knowledge-based Software Engineering",
issn = "0167-6423",
doi = "https://doi.org/10.1016/j.scico.2015.09.005",
url = "http://www.sciencedirect.com/science/article/pii/S0167642315002658",
author = "Antonio González-Torres and Francisco J. García-Peñalvo and Roberto Therón-Sánchez and Ricardo Colomo-Palacios",
keywords = "Visual Analytics, Software Evolution, Software Evolution Visualization, Visual Software Analytics, Evolutionary Visual Software Analytics"
}
@article{CHANG20161,
title = "A review on exception analysis",
journal = "Information and Software Technology",
volume = "77",
pages = "1 - 16",
year = "2016",
issn = "0950-5849",
doi = "https://doi.org/10.1016/j.infsof.2016.05.003",
url = "http://www.sciencedirect.com/science/article/pii/S0950584916300830",
author = "Byeong-Mo Chang and Kwanghoon Choi",
keywords = "Exception analysis, Static analysis, Dynamic analysis, Exception flow, Testing, Debugging"
}
@article{SEAGLE1995150,
title = "Acquiring expert rules with the aid of decision tables",
journal = "European Journal of Operational Research",
volume = "84",
number = "1",
pages = "150 - 162",
year = "1995",
note = "Decision Technology and Intelligent Decision Support",
issn = "0377-2217",
doi = "https://doi.org/10.1016/0377-2217(94)00323-5",
url = "http://www.sciencedirect.com/science/article/pii/0377221794003235",
author = "John P. Seagle and Peter Duchessi",
keywords = "Expert systems, Knowledge acquisition, Heuristics, Software engineering"
}
@article{KLEIN201668,
title = "Towards Agile Engineering of Mechatronic Systems in Machinery and Plant Construction",
journal = "Procedia CIRP",
volume = "52",
pages = "68 - 73",
year = "2016",
note = "The Sixth International Conference on Changeable, Agile, Reconfigurable and Virtual Production (CARV2016)",
issn = "2212-8271",
doi = "https://doi.org/10.1016/j.procir.2016.07.077",
url = "http://www.sciencedirect.com/science/article/pii/S2212827116308769",
author = "Thorsten P. Klein and Gunther Reinhart",
keywords = "Agility, Mechatronics, Engineering Process, Lean Product Development, Scrum"
}
@article{CHUNG201718,
title = "Subject-enabled analytics model on measurement statistics in health risk expert system for public health informatics",
journal = "International Journal of Medical Informatics",
volume = "107",
pages = "18 - 29",
year = "2017",
issn = "1386-5056",
doi = "https://doi.org/10.1016/j.ijmedinf.2017.08.011",
url = "http://www.sciencedirect.com/science/article/pii/S138650561730223X",
author = "Chi-Jung Chung and Yu-Chen Kuo and Yun-Yu Hsieh and Tsai-Chung Li and Cheng-Chieh Lin and Wen-Miin Liang and Li-Na Liao and Chia-Ing Li and Hsueh-Chun Lin",
keywords = "Open source, Health risk information, R software, Health measurement data warehouse, Health risk expert system, Process automation"
}
@article{GAMALIELSSON201530,
title = "On organisational influences in software standards and their open source implementations",
journal = "Information and Software Technology",
volume = "67",
pages = "30 - 43",
year = "2015",
issn = "0950-5849",
doi = "https://doi.org/10.1016/j.infsof.2015.06.006",
url = "http://www.sciencedirect.com/science/article/pii/S095058491500110X",
author = "Jonas Gamalielsson and Björn Lundell and Jonas Feist and Tomas Gustavsson and Fredric Landqvist",
keywords = "Open standard, Open source, Organisational influence, Case study, RDFa, Drupal"
}
@article{HOLTKAMP2015136,
title = "Soft competency requirements in requirements engineering, software design, implementation, and testing",
journal = "Journal of Systems and Software",
volume = "101",
pages = "136 - 146",
year = "2015",
issn = "0164-1212",
doi = "https://doi.org/10.1016/j.jss.2014.12.010",
url = "http://www.sciencedirect.com/science/article/pii/S0164121214002829",
author = "Philipp Holtkamp and Jussi P.P. Jokinen and Jan M. Pawlowski",
keywords = "Global software development, Soft competency, Competency requirements"
}
@article{ALEEM201655,
title = "A Digital Game Maturity Model (DGMM)",
journal = "Entertainment Computing",
volume = "17",
pages = "55 - 73",
year = "2016",
issn = "1875-9521",
doi = "https://doi.org/10.1016/j.entcom.2016.08.004",
url = "http://www.sciencedirect.com/science/article/pii/S1875952116300246",
author = "Saiqa Aleem and Luiz Fernando Capretz and Faheem Ahmed",
keywords = "Software game, Game performance, Video game, Online game, Process assessment, Software process improvement, Game development methodology"
}
@article{AHONEN20102175,
title = "Software engineering projects may fail before they are started: Post-mortem analysis of five cancelled projects",
journal = "Journal of Systems and Software",
volume = "83",
number = "11",
pages = "2175 - 2187",
year = "2010",
note = "Interplay between Usability Evaluation and Software Development",
issn = "0164-1212",
doi = "https://doi.org/10.1016/j.jss.2010.06.023",
url = "http://www.sciencedirect.com/science/article/pii/S0164121210001706",
author = "Jarmo J. Ahonen and Paula Savolainen",
keywords = "Software engineering, Project cancellation, Project failure, Post-mortem analysis, Customer, Supplier"
}
@article{LI20131,
title = "A case study of private–public collaboration for humanitarian free and open source disaster management software deployment",
journal = "Decision Support Systems",
volume = "55",
number = "1",
pages = "1 - 11",
year = "2013",
issn = "0167-9236",
doi = "https://doi.org/10.1016/j.dss.2012.10.030",
url = "http://www.sciencedirect.com/science/article/pii/S0167923612002850",
author = "Jessica P. Li and Rui Chen and JinKyu Lee and H. Raghav Rao",
keywords = "Disaster management, Humanitarian FOSS, Collaboration, Private–public partnership"
}
@article{ALEXIOU20152435,
title = "Inspiring Key Competencies Through the Implementation of an ePortfolio for Undergraduate Students",
journal = "Procedia - Social and Behavioral Sciences",
volume = "197",
pages = "2435 - 2442",
year = "2015",
note = "7th World Conference on Educational Sciences",
issn = "1877-0428",
doi = "https://doi.org/10.1016/j.sbspro.2015.07.307",
url = "http://www.sciencedirect.com/science/article/pii/S1877042815043086",
author = "Aikaterini Alexiou and Fotini Paraskeva",
keywords = "ePortfolio, Self-Regulated Learning (SRL), Key Competencies, Career Management, Higher Education, Undergraduate Students."
}
@article{CASANOVA1992277,
title = "The implementation of a standard IRDS repository for the TASIS software engineering environment",
journal = "Computer Standards & Interfaces",
volume = "14",
number = "4",
pages = "277 - 295",
year = "1992",
issn = "0920-5489",
doi = "https://doi.org/10.1016/0920-5489(92)90041-B",
url = "http://www.sciencedirect.com/science/article/pii/092054899290041B",
author = "Pietro Casanova and Annamaria Leone and Filippo Tangorra",
keywords = "Integrated Project Support Environment, Information Resources Dictionary System, repository, software development environment, performance evaluation"
}
@article{ANDRE2011259,
title = "Formal model for assigning human resources to teams in software projects",
journal = "Information and Software Technology",
volume = "53",
number = "3",
pages = "259 - 275",
year = "2011",
issn = "0950-5849",
doi = "https://doi.org/10.1016/j.infsof.2010.11.011",
url = "http://www.sciencedirect.com/science/article/pii/S0950584910002120",
author = "Margarita André and María G. Baldoquín and Silvia T. Acuña",
keywords = "Formal model, Human resources assignment, Software project team, Delphi method, Psychological tests"
}
@article{MOUAKHER201658,
title = "QualityCover: Efficient binary relation coverage guided by induced knowledge quality",
journal = "Information Sciences",
volume = "355-356",
pages = "58 - 73",
year = "2016",
issn = "0020-0255",
doi = "https://doi.org/10.1016/j.ins.2016.03.009",
url = "http://www.sciencedirect.com/science/article/pii/S0020025516301566",
author = "Amira Mouakher and Sadok Ben Yahia",
keywords = "Formal concepts analysis, Formal concept, Pertinent coverage, Correlation measure"
}
@article{SRIVASTAVA2017,
title = "An effective computational technique for taxonomic position of security vulnerability in software development",
journal = "Journal of Computational Science",
year = "2017",
issn = "1877-7503",
doi = "https://doi.org/10.1016/j.jocs.2017.08.003",
url = "http://www.sciencedirect.com/science/article/pii/S1877750317308918",
author = "Amit Kumar Srivastava and Shishir Kumar",
keywords = "Attack pattern, Principal component analysis, Data pre-processing, Normalization, Feed-forward back propagation, Multilayer perceptron"
}
@article{LOPEZHERREJON2015353,
title = "An assessment of search-based techniques for reverse engineering feature models",
journal = "Journal of Systems and Software",
volume = "103",
pages = "353 - 369",
year = "2015",
issn = "0164-1212",
doi = "https://doi.org/10.1016/j.jss.2014.10.037",
url = "http://www.sciencedirect.com/science/article/pii/S0164121214002349",
author = "Roberto E. Lopez-Herrejon and Lukas Linsbauer and José A. Galindo and José A. Parejo and David Benavides and Sergio Segura and Alexander Egyed",
keywords = "Feature model, Reverse engineering, Search Based Software Engineering"
}
@article{PANDA2015772,
title = "Empirical Validation of Neural Network Models for Agile Software Effort Estimation based on Story Points",
journal = "Procedia Computer Science",
volume = "57",
pages = "772 - 781",
year = "2015",
note = "3rd International Conference on Recent Trends in Computing 2015 (ICRTC-2015)",
issn = "1877-0509",
doi = "https://doi.org/10.1016/j.procs.2015.07.474",
url = "http://www.sciencedirect.com/science/article/pii/S1877050915020037",
author = "Aditi Panda and Shashank Mouli Satapathy and Santanu Kumar Rath",
keywords = "Agile Software Development, General Regression Neural Network, Probabilistic Neural Network, GMDH Polynomial Neural Network, Cascade Correlation Neural Network, Software Effort Estimation, Story Point Approach"
}
@article{OUNI201518,
title = "Improving multi-objective code-smells correction using development history",
journal = "Journal of Systems and Software",
volume = "105",
pages = "18 - 39",
year = "2015",
issn = "0164-1212",
doi = "https://doi.org/10.1016/j.jss.2015.03.040",
url = "http://www.sciencedirect.com/science/article/pii/S0164121215000631",
author = "Ali Ouni and Marouane Kessentini and Houari Sahraoui and Katsuro Inoue and Mohamed Salah Hamdi",
keywords = "Search-based software engineering, Refactoring, Code-smells"
}
@article{LUCAS1994175,
title = "Refinement of the HEPAR expert system: tools and techniques",
journal = "Artificial Intelligence in Medicine",
volume = "6",
number = "2",
pages = "175 - 188",
year = "1994",
issn = "0933-3657",
doi = "https://doi.org/10.1016/0933-3657(94)90044-2",
url = "http://www.sciencedirect.com/science/article/pii/0933365794900442",
author = "Peter Lucas",
keywords = "Knowledge engineering, Validation of expert systems, Refinement of expert systems, Evaluation of expert systems, Expert-system validation tools"
}
@article{GIURI201054,
title = "Skills, division of labor and performance in collective inventions: Evidence from open source software",
journal = "International Journal of Industrial Organization",
volume = "28",
number = "1",
pages = "54 - 68",
year = "2010",
issn = "0167-7187",
doi = "https://doi.org/10.1016/j.ijindorg.2009.07.004",
url = "http://www.sciencedirect.com/science/article/pii/S0167718709000587",
author = "Paola Giuri and Matteo Ploner and Francesco Rullani and Salvatore Torrisi",
keywords = "Software, Technological innovation, Human capital, Modularity"
}
@article{DISHAW1998107,
title = "Supporting software maintenance with software engineering tools: A Computed task–technology fit analysis",
journal = "Journal of Systems and Software",
volume = "44",
number = "2",
pages = "107 - 120",
year = "1998",
issn = "0164-1212",
doi = "https://doi.org/10.1016/S0164-1212(98)10048-1",
url = "http://www.sciencedirect.com/science/article/pii/S0164121298100481",
author = "Mark T. Dishaw and Diane M. Strong"
}
@article{NOVICKIS201548,
title = "Towards Knowledge and Information Technology Transfer Concept and its Validation",
journal = "Procedia Computer Science",
volume = "77",
pages = "48 - 55",
year = "2015",
note = "ICTE in regional Development 2015 Valmiera, Latvia",
issn = "1877-0509",
doi = "https://doi.org/10.1016/j.procs.2015.12.358",
url = "http://www.sciencedirect.com/science/article/pii/S1877050915038685",
author = "Leonids Novickis and Antanas Mitasiunas and Viktorija Ponomarenko",
keywords = "Information technology transfer, Software engineering, Validation, eINTERASIA project ;"
}
@incollection{CHUN199415,
title = "Software Integration of Real-Time Expert Systems",
editor = "K.-E. ARZEN",
booktitle = "Computer Software Structures Integrating Ai/kbs Systems in Process Control",
publisher = "Pergamon",
address = "Oxford",
pages = "15 - 20",
year = "1994",
series = "IFAC Postprint Volume",
isbn = "978-0-08-042360-9",
doi = "https://doi.org/10.1016/B978-0-08-042360-9.50005-1",
url = "http://www.sciencedirect.com/science/article/pii/B9780080423609500051",
author = "Robert K. Chun"
}