@article{RASINMAKI200976,
title = "SIMO: An adaptable simulation framework for multiscale forest resource data",
journal = "Computers and Electronics in Agriculture",
volume = "66",
number = "1",
pages = "76 - 84",
year = "2009",
issn = "0168-1699",
doi = "https://doi.org/10.1016/j.compag.2008.12.007",
url = "http://www.sciencedirect.com/science/article/pii/S0168169908002469",
author = "Jussi Rasinmäki and Antti Mäkinen and Jouni Kalliovirta",
keywords = "Growth and yield simulation, Modular, Hierarchical, XML, Forest management planning"
}
@article{PRICE2013569,
title = "SubSift web services and workflows for profiling and comparing scientists and their published works",
journal = "Future Generation Computer Systems",
volume = "29",
number = "2",
pages = "569 - 581",
year = "2013",
note = "Special section: Recent advances in e-Science",
issn = "0167-739X",
doi = "https://doi.org/10.1016/j.future.2011.10.016",
url = "http://www.sciencedirect.com/science/article/pii/S0167739X11002238",
author = "Simon Price and Peter A. Flach and Sebastian Spiegler and Christopher Bailey and Nikki Rogers",
keywords = "Workflows, Web services, Ranking"
}
@article{SCHWARE1992143,
title = "Software industry entry strategies for developing countries: A “walking on two legs” proposition",
journal = "World Development",
volume = "20",
number = "2",
pages = "143 - 164",
year = "1992",
issn = "0305-750X",
doi = "https://doi.org/10.1016/0305-750X(92)90096-E",
url = "http://www.sciencedirect.com/science/article/pii/0305750X9290096E",
author = "Robert Schware"
}
@article{ARGIRO20071485,
title = "The offline software framework of the Pierre Auger Observatory",
journal = "Nuclear Instruments and Methods in Physics Research Section A: Accelerators, Spectrometers, Detectors and Associated Equipment",
volume = "580",
number = "3",
pages = "1485 - 1496",
year = "2007",
issn = "0168-9002",
doi = "https://doi.org/10.1016/j.nima.2007.07.010",
url = "http://www.sciencedirect.com/science/article/pii/S0168900207014106",
author = "S. Argirò and S.L.C. Barroso and J. Gonzalez and L. Nellen and T. Paul and T.A. Porter and L. Prado Jr. and M. Roth and R. Ulrich and D. Veberič",
keywords = "Offline software, Framework, Object oriented, Simulation, Cosmic rays"
}
@article{KNEIS2015110,
title = "A lightweight framework for rapid development of object-based hydrological model engines",
journal = "Environmental Modelling & Software",
volume = "68",
pages = "110 - 121",
year = "2015",
issn = "1364-8152",
doi = "https://doi.org/10.1016/j.envsoft.2015.02.009",
url = "http://www.sciencedirect.com/science/article/pii/S1364815215000584",
author = "David Kneis",
keywords = "Modeling framework, Generic model, Hydrology, ECHSE"
}
@article{ALREBDAWI198829,
title = "Supporting tool for object oriented design of real time applications",
journal = "IFAC Proceedings Volumes",
volume = "21",
number = "3",
pages = "29 - 33",
year = "1988",
note = "15th IFAC/IFIP Workshop on Real Time Programming 1988, Valencia, Spain, 25-27 May",
issn = "1474-6670",
doi = "https://doi.org/10.1016/B978-0-08-036236-6.50009-6",
url = "http://www.sciencedirect.com/science/article/pii/B9780080362366500096",
author = "G. Alrebdawi and J.J. Skubich and Y. Martinez",
keywords = "Object Oriented Design, Ada, Real Time, Reusability, tool, Preliminary Design"
}
@article{TERHOFSTEDE1998239,
title = "Verification problems in conceptual workflow specifications",
journal = "Data & Knowledge Engineering",
volume = "24",
number = "3",
pages = "239 - 256",
year = "1998",
note = "ER '96",
issn = "0169-023X",
doi = "https://doi.org/10.1016/S0169-023X(97)00032-3",
url = "http://www.sciencedirect.com/science/article/pii/S0169023X97000323",
author = "A.H.M ter Hofstede and M.E Orlowska and J Rajapakse",
keywords = "Workflow, Verification, Computational complexity"
}
@article{GAIMAN2007130,
title = "Privacy-preserving programming using sython",
journal = "Computers & Security",
volume = "26",
number = "2",
pages = "130 - 136",
year = "2007",
issn = "0167-4048",
doi = "https://doi.org/10.1016/j.cose.2006.08.009",
url = "http://www.sciencedirect.com/science/article/pii/S0167404806001386",
author = "Michael Gaiman and Rahul Simha and Bhagirath Narahari",
keywords = "Privacy, Software security, Programming languages, Security, Information-flow security"
}
@article{STOCKMAN198853,
title = "The Recovery of Software Projects",
journal = "IFAC Proceedings Volumes",
volume = "21",
number = "14",
pages = "53 - 58",
year = "1988",
note = "2nd IFAC/IFIP Workshop on Experience With the Management of Software Projects 1988, Sarajevo, Yugoslavia, 27-29 September",
issn = "1474-6670",
doi = "https://doi.org/10.1016/S1474-6670(17)53681-2",
url = "http://www.sciencedirect.com/science/article/pii/S1474667017536812",
author = "S.G. Stockman",
keywords = "Management, Software Management, Project Control, Process Improvement"
}
@article{RUSSELLO2011638,
title = "A policy-based publish/subscribe middleware for sense-and-react applications",
journal = "Journal of Systems and Software",
volume = "84",
number = "4",
pages = "638 - 654",
year = "2011",
note = "The Ninth International Conference on Quality Software",
issn = "0164-1212",
doi = "https://doi.org/10.1016/j.jss.2010.10.023",
url = "http://www.sciencedirect.com/science/article/pii/S0164121210002888",
author = "Giovanni Russello and Leonardo Mostarda and Naranker Dulay",
keywords = "Wireless Sensor Networks, Sense-and-react applications, Separation of concerns, Publish/subscribe middleware, Component-based software engineering, Policy-based composition"
}
@article{MOSCATO200756,
title = "Benchmarking a memetic algorithm for ordering microarray data",
journal = "Biosystems",
volume = "88",
number = "1",
pages = "56 - 75",
year = "2007",
issn = "0303-2647",
doi = "https://doi.org/10.1016/j.biosystems.2006.04.005",
url = "http://www.sciencedirect.com/science/article/pii/S0303264706000852",
author = "P. Moscato and A. Mendes and R. Berretta",
keywords = "Memetic algorithms, Tabu search, Gene ordering, Clustering, Microarray"
}
@incollection{CORPORATEUSERPUBLICATIONSGROUPDIGITALEQUIPMENTCORPORATION198943,
title = "Chapter 3 - Project Management",
editor = " Corporate User Publications Group / Digital Equipment Corporation",
booktitle = "The Digital Guide to Software Development",
publisher = "Digital Press",
address = "Boston",
pages = "43 - 60",
year = "1989",
isbn = "978-1-55558-035-3",
doi = "https://doi.org/10.1016/B978-1-55558-035-3.50006-9",
url = "http://www.sciencedirect.com/science/article/pii/B9781555580353500069",
author = " Corporate User Publications Group / Digital Equipment Corporation"
}
@article{CENTIOLI2005593,
title = "Using Real Time Workshop for rapid and reliable control implementation in the Frascati Tokamak Upgrade Feedback Control System running under RTAI-GNU/Linux",
journal = "Fusion Engineering and Design",
volume = "74",
number = "1",
pages = "593 - 597",
year = "2005",
note = "Proceedings of the 23rd Symposium of Fusion Technology",
issn = "0920-3796",
doi = "https://doi.org/10.1016/j.fusengdes.2005.06.150",
url = "http://www.sciencedirect.com/science/article/pii/S092037960500298X",
author = "C. Centioli and F. Iannone and M. Ledauphin and M. Panella and L. Pangione and S. Podda and V. Vitale and L. Zaccarian",
keywords = "RTAI-Linux, GNU-Linux, Real Time Workshop, Simulink, Matlab"
}
@article{HANNEGHAN200035,
title = "A viewpoint analysis reference model for Concurrent Engineering",
journal = "Computers in Industry",
volume = "41",
number = "1",
pages = "35 - 49",
year = "2000",
issn = "0166-3615",
doi = "https://doi.org/10.1016/S0166-3615(99)00038-X",
url = "http://www.sciencedirect.com/science/article/pii/S016636159900038X",
author = "Martin Hanneghan and Madjid Merabti and Gary Colquhoun",
keywords = "Concurrent engineering, Viewpoints, Open distributed processing, Object-oriented reference model, Support environment"
}
@article{HOFFMAN2003143,
title = "API documentation with executable examples",
journal = "Journal of Systems and Software",
volume = "66",
number = "2",
pages = "143 - 156",
year = "2003",
issn = "0164-1212",
doi = "https://doi.org/10.1016/S0164-1212(02)00055-9",
url = "http://www.sciencedirect.com/science/article/pii/S0164121202000559",
author = "Daniel Hoffman and Paul Strooper"
}
@article{ABUHELWA201542,
title = "ADVAN-style analytical solutions for common pharmacokinetic models",
journal = "Journal of Pharmacological and Toxicological Methods",
volume = "73",
pages = "42 - 48",
year = "2015",
issn = "1056-8719",
doi = "https://doi.org/10.1016/j.vascn.2015.03.004",
url = "http://www.sciencedirect.com/science/article/pii/S1056871915000362",
author = "Ahmad Y. Abuhelwa and David J.R. Foster and Richard N. Upton",
keywords = "ADVAN, Analytical solutions, Intravenous, Methods, Modelling, NONMEM, Oral, Pharmacokinetics, R-language, Simulations"
}
@article{KAMBATLA20142561,
title = "Trends in big data analytics",
journal = "Journal of Parallel and Distributed Computing",
volume = "74",
number = "7",
pages = "2561 - 2573",
year = "2014",
note = "Special Issue on Perspectives on Parallel and Distributed Processing",
issn = "0743-7315",
doi = "https://doi.org/10.1016/j.jpdc.2014.01.003",
url = "http://www.sciencedirect.com/science/article/pii/S0743731514000057",
author = "Karthik Kambatla and Giorgos Kollias and Vipin Kumar and Ananth Grama",
keywords = "Big-data, Analytics, Data centers, Distributed systems"
}
@article{ALREBDAWI198829,
title = "Supporting tool for Object Oriented Design of Real Time Applications",
journal = "Annual Review in Automatic Programming",
volume = "14",
pages = "29 - 33",
year = "1988",
note = "Real Time Programming 1988",
issn = "0066-4138",
doi = "https://doi.org/10.1016/0066-4138(88)90005-5",
url = "http://www.sciencedirect.com/science/article/pii/0066413888900055",
author = "G Alrebdawi and J.J Skubich and Y Martinez",
keywords = "Object Oriented Design, Ada, Real Time, Reusability, tool, Preliminary Design"
}
@article{HANSELER2012116,
title = "Analysis of hydrolyzable polyethylene glycol hydrogels and deproteinized bone mineral as delivery systems for glycosylated and non-glycosylated bone morphogenetic protein-2",
journal = "Acta Biomaterialia",
volume = "8",
number = "1",
pages = "116 - 123",
year = "2012",
issn = "1742-7061",
doi = "https://doi.org/10.1016/j.actbio.2011.08.002",
url = "http://www.sciencedirect.com/science/article/pii/S1742706111003461",
author = "Patrick Hänseler and Ui-Won Jung and Ronald E. Jung and Kyoung-Hee Choi and Kyoo-Sung Cho and Christoph H.F. Hämmerle and Franz E. Weber",
keywords = "Bone substitutes, Recombinant rhBMP-2 protein, Hydrogel, Bio-Oss, Drug delivery system"
}
@article{CLARKE1999195,
title = "Development of the Harrow Greenhouse Manager: a decision-support system for greenhouse cucumber and tomato",
journal = "Computers and Electronics in Agriculture",
volume = "24",
number = "3",
pages = "195 - 204",
year = "1999",
issn = "0168-1699",
doi = "https://doi.org/10.1016/S0168-1699(99)00064-2",
url = "http://www.sciencedirect.com/science/article/pii/S0168169999000642",
author = "N.D Clarke and J.L Shipp and A.P Papadopoulos and W.R Jarvis and S Khosla and T.J Jewett and G Ferguson",
keywords = "Decision-support system, Greenhouse cucumber and tomato, System development"
}
@article{RANSOM199127,
title = "An Integrated Environment for the Development and Analysis of Hard Real-Time Systems",
journal = "IFAC Proceedings Volumes",
volume = "24",
number = "2",
pages = "27 - 32",
year = "1991",
note = "IFAC/IFIP Workshop on Real Time Programming, Atlanta, GA, USA, 15-17 May 1991",
issn = "1474-6670",
doi = "https://doi.org/10.1016/S1474-6670(17)51264-1",
url = "http://www.sciencedirect.com/science/article/pii/S1474667017512641",
author = "K.J. Ransom and C.D. Marlin and Wei Zhao",
keywords = "hard real-time systems, multi-version computation, imprecise computation, integrated programming environments, execution-time prediction, testing, real-time programming languages"
}
@article{YASUDA199767,
title = "Distributed Implementation of Communicating Process Architectures for Autonomous Mobile Robots",
journal = "IFAC Proceedings Volumes",
volume = "30",
number = "15",
pages = "67 - 72",
year = "1997",
note = "IFAC Workshop on Distributed Computer Control Systems (DCCS'97), Seoul, Korea, 28-30 July 1997",
issn = "1474-6670",
doi = "https://doi.org/10.1016/S1474-6670(17)42669-3",
url = "http://www.sciencedirect.com/science/article/pii/S1474667017426693",
author = "Gen'ichi Yasuda",
keywords = "Communicating process architectures, multiprocessing systems, software development, distributed control, autonomous mobile robots"
}
@article{XIA2008670,
title = "A new calibration for Function Point complexity weights",
journal = "Information and Software Technology",
volume = "50",
number = "7",
pages = "670 - 683",
year = "2008",
issn = "0950-5849",
doi = "https://doi.org/10.1016/j.infsof.2007.07.004",
url = "http://www.sciencedirect.com/science/article/pii/S095058490700078X",
author = "Wei Xia and Luiz Fernando Capretz and Danny Ho and Faheem Ahmed",
keywords = "Neural network, Fuzzy logic, Function Point, Function point analysis, Software size estimation"
}
@article{BARESI2001325,
title = "Preface: Volume 50, Issue 3",
journal = "Electronic Notes in Theoretical Computer Science",
volume = "50",
number = "3",
pages = "325 - 326",
year = "2001",
note = "GT-VMT 2001, Graph Transformation and Visual Modeling Techniques (Satellite Workshop of ICALP 2001)",
issn = "1571-0661",
doi = "https://doi.org/10.1016/S1571-0661(05)80571-7",
url = "http://www.sciencedirect.com/science/article/pii/S1571066105805717",
author = "Luciano Baresi and Mauro Pezze and Gabriele Taentzer"
}
@article{STOCKMAN198853,
title = "The recovery of software projects",
journal = "Annual Review in Automatic Programming",
volume = "14",
pages = "53 - 58",
year = "1988",
note = "Experience with the Management of Software Projects 1988",
issn = "0066-4138",
doi = "https://doi.org/10.1016/0066-4138(90)90010-O",
url = "http://www.sciencedirect.com/science/article/pii/006641389090010O",
author = "S.G Stockman"
}
@article{GEPPERT2001627,
title = "The SDL pattern approach – a reuse-driven SDL design methodology",
journal = "Computer Networks",
volume = "35",
number = "6",
pages = "627 - 645",
year = "2001",
issn = "1389-1286",
doi = "https://doi.org/10.1016/S1389-1286(00)00202-4",
url = "http://www.sciencedirect.com/science/article/pii/S1389128600002024",
author = "Birgit Geppert and Frank Rößler",
keywords = "SDL, Design methodology, Software reuse, Patterns, Distributed systems, Process model"
}
@article{DERMEVAL20154950,
title = "Ontology-based feature modeling: An empirical study in changing scenarios",
journal = "Expert Systems with Applications",
volume = "42",
number = "11",
pages = "4950 - 4964",
year = "2015",
issn = "0957-4174",
doi = "https://doi.org/10.1016/j.eswa.2015.02.020",
url = "http://www.sciencedirect.com/science/article/pii/S0957417415001190",
author = "Diego Dermeval and Thyago Tenório and Ig Ibert Bittencourt and Alan Silva and Seiji Isotani and Márcio Ribeiro",
keywords = "Feature modeling, Ontology, Software product line, Empirical software engineering"
}
@incollection{WALLS2006122,
title = "4 - C Language",
editor = "Colin Walls",
booktitle = "Embedded Software",
publisher = "Newnes",
address = "Burlington",
pages = "122 - 177",
year = "2006",
isbn = "978-0-7506-7954-1",
doi = "https://doi.org/10.1016/B978-075067954-1/50006-6",
url = "http://www.sciencedirect.com/science/article/pii/B9780750679541500066",
author = "Colin Walls"
}
@article{TRILLOMONTERO2014144,
title = "Development of a software application to evaluate the performance and energy losses of grid-connected photovoltaic systems",
journal = "Energy Conversion and Management",
volume = "81",
pages = "144 - 159",
year = "2014",
issn = "0196-8904",
doi = "https://doi.org/10.1016/j.enconman.2014.02.026",
url = "http://www.sciencedirect.com/science/article/pii/S0196890414001459",
author = "D. Trillo-Montero and I. Santiago and J.J. Luna-Rodriguez and R. Real-Calvo",
keywords = "Grid connected PV installations, Software development, Monitoring data, Analysis of PV data"
}
@article{GORLA1997191,
title = "Effect of software structure attributes on software development productivity",
journal = "Journal of Systems and Software",
volume = "36",
number = "2",
pages = "191 - 199",
year = "1997",
issn = "0164-1212",
doi = "https://doi.org/10.1016/0164-1212(95)00202-2",
url = "http://www.sciencedirect.com/science/article/pii/0164121295002022",
author = "Narasimhaiah Gorla and Ravi Ramakrishnan"
}
@article{HE2007357,
title = "PGO: A parallel computing platform for global optimization based on genetic algorithm",
journal = "Computers & Geosciences",
volume = "33",
number = "3",
pages = "357 - 366",
year = "2007",
issn = "0098-3004",
doi = "https://doi.org/10.1016/j.cageo.2006.09.002",
url = "http://www.sciencedirect.com/science/article/pii/S0098300406001968",
author = "Kejing He and Li Zheng and Shoubin Dong and Liqun Tang and Jianfeng Wu and Chunmiao Zheng",
keywords = "Parallel computing, High performance computation platform, Global optimization, The Genetic Algorithm"
}
@article{MAHALINGAM2010148,
title = "An evaluation of the applicability of 4D CAD on construction projects",
journal = "Automation in Construction",
volume = "19",
number = "2",
pages = "148 - 159",
year = "2010",
issn = "0926-5805",
doi = "https://doi.org/10.1016/j.autcon.2009.11.015",
url = "http://www.sciencedirect.com/science/article/pii/S092658050900185X",
author = "Ashwin Mahalingam and Rahul Kashyap and Charudatta Mahajan",
keywords = "4D CAD, Commercial projects, Infrastructure projects, Benefits, Visualization, Constructability, Project progress review"
}
@article{INCE1988138,
title = "Z and system specification",
journal = "Information and Software Technology",
volume = "30",
number = "3",
pages = "138 - 145",
year = "1988",
note = "The Software Life Cycle",
issn = "0950-5849",
doi = "https://doi.org/10.1016/0950-5849(88)90060-2",
url = "http://www.sciencedirect.com/science/article/pii/0950584988900602",
author = "Darrel Ince",
keywords = "software engineering, system specification, formal methods"
}
@article{KURNIAWATI2006566,
title = "The use and effects of an electronic process guide and experience repository: a longitudinal study",
journal = "Information and Software Technology",
volume = "48",
number = "7",
pages = "566 - 577",
year = "2006",
issn = "0950-5849",
doi = "https://doi.org/10.1016/j.infsof.2005.06.002",
url = "http://www.sciencedirect.com/science/article/pii/S0950584905000893",
author = "Felicia Kurniawati and Ross Jeffery",
keywords = "Software process improvement, Electronic process guide, Experience repository, Industry case study"
}
@article{DELROSSO20081,
title = "Software performance tuning of software product family architectures: Two case studies in the real-time embedded systems domain",
journal = "Journal of Systems and Software",
volume = "81",
number = "1",
pages = "1 - 19",
year = "2008",
issn = "0164-1212",
doi = "https://doi.org/10.1016/j.jss.2007.07.006",
url = "http://www.sciencedirect.com/science/article/pii/S016412120700180X",
author = "Christian Del Rosso",
keywords = "Software performance, Software product family, Software architecture assessments, Embedded real-time systems, Dynamic memory management"
}
@article{LOPEZIBANEZ2014569,
title = "Automatically improving the anytime behaviour of optimisation algorithms",
journal = "European Journal of Operational Research",
volume = "235",
number = "3",
pages = "569 - 582",
year = "2014",
issn = "0377-2217",
doi = "https://doi.org/10.1016/j.ejor.2013.10.043",
url = "http://www.sciencedirect.com/science/article/pii/S0377221713008667",
author = "Manuel López-Ibáñez and Thomas Stützle",
keywords = "Metaheuristics, Anytime algorithms, Automatic configuration, Offline tuning"
}
@incollection{VANPRAET200865,
title = "Chapter 4 - nML: A Structural Processor Modeling Language for Retargetable Compilation and ASIP Design",
editor = "Prabhat Mishra and Nikil Dutt",
booktitle = "Processor Description Languages",
publisher = "Morgan Kaufmann",
address = "Burlington",
pages = "65 - 93",
year = "2008",
volume = "1",
series = "Systems on Silicon",
issn = "18759661",
doi = "https://doi.org/10.1016/B978-012374287-2.50007-0",
url = "http://www.sciencedirect.com/science/article/pii/B9780123742872500070",
author = "Johan Van Praet and Dirk Lanneer and Werner Geurts and Gert Goossens"
}
@incollection{RACKLEY2007241,
title = "Chapter 9 - Wireless lan troubleshooting",
editor = "Steve Rackley",
booktitle = "Wireless Networking Technology",
publisher = "Newnes",
address = "Oxford",
pages = "241 - 250",
year = "2007",
isbn = "978-0-7506-6788-3",
doi = "https://doi.org/10.1016/B978-075066788-3/50040-8",
url = "http://www.sciencedirect.com/science/article/pii/B9780750667883500408",
author = "Steve Rackley"
}
@article{MELLADO20101094,
title = "Security requirements engineering framework for software product lines",
journal = "Information and Software Technology",
volume = "52",
number = "10",
pages = "1094 - 1117",
year = "2010",
issn = "0950-5849",
doi = "https://doi.org/10.1016/j.infsof.2010.05.007",
url = "http://www.sciencedirect.com/science/article/pii/S0950584910000960",
author = "Daniel Mellado and Eduardo Fernández-Medina and Mario Piattini",
keywords = "Security requirements engineering, Security software engineering, Product lines, Requirements engineering, Security requirement, ISO 27001"
}
@article{ACEITUNA2014321,
title = "Model-based requirements verification method: Conclusions from two controlled experiments",
journal = "Information and Software Technology",
volume = "56",
number = "3",
pages = "321 - 334",
year = "2014",
issn = "0950-5849",
doi = "https://doi.org/10.1016/j.infsof.2013.11.004",
url = "http://www.sciencedirect.com/science/article/pii/S0950584913002188",
author = "Daniel Aceituna and Gursimran Walia and Hyunsook Do and Seok-Won Lee",
keywords = "Requirements verification, Model-based verification, NLtoSTD, Fault checklist, Controlled experiments"
}
@article{YANG20112623,
title = "An innovative computer design for modeling forest landscape change in very large spatial extents with fine resolutions",
journal = "Ecological Modelling",
volume = "222",
number = "15",
pages = "2623 - 2630",
year = "2011",
issn = "0304-3800",
doi = "https://doi.org/10.1016/j.ecolmodel.2011.04.032",
url = "http://www.sciencedirect.com/science/article/pii/S0304380011002651",
author = "Jian Yang and Hong S. He and Stephen R. Shifley and Frank R. Thompson and Yangjian Zhang",
keywords = "Forest landscape model, Simulation extent, Data structure, Scaling, LANDIS PRO"
}
@article{MARTIN198674,
title = "Control system for the NBS microtron accelerator",
journal = "Nuclear Instruments and Methods in Physics Research Section A: Accelerators, Spectrometers, Detectors and Associated Equipment",
volume = "247",
number = "1",
pages = "74 - 84",
year = "1986",
issn = "0168-9002",
doi = "https://doi.org/10.1016/0168-9002(86)90539-5",
url = "http://www.sciencedirect.com/science/article/pii/0168900286905395",
author = "E.Ray Martin and Robert E. Trout and Bonnie L. Wilson and Robert L. Ayres and Neil R. Yoder"
}
@article{NETO20091408,
title = "Linux real-time framework for fusion devices",
journal = "Fusion Engineering and Design",
volume = "84",
number = "7",
pages = "1408 - 1411",
year = "2009",
note = "Proceeding of the 25th Symposium on Fusion Technology",
issn = "0920-3796",
doi = "https://doi.org/10.1016/j.fusengdes.2009.01.009",
url = "http://www.sciencedirect.com/science/article/pii/S0920379609000374",
author = "André Neto and Filippo Sartori and Fabio Piccolo and Antonio Barbalace and Riccardo Vitelli and Horácio Fernandes",
keywords = "Real-time, RTAI, Linux, JET, Vertical stabilisation"
}
@article{URBAN2014712,
title = "Integrated data acquisition, storage, retrieval and processing using the COMPASS DataBase (CDB)",
journal = "Fusion Engineering and Design",
volume = "89",
number = "5",
pages = "712 - 716",
year = "2014",
note = "Proceedings of the 9th IAEA Technical Meeting on Control, Data Acquisition, and Remote Participation for Fusion Research",
issn = "0920-3796",
doi = "https://doi.org/10.1016/j.fusengdes.2014.03.032",
url = "http://www.sciencedirect.com/science/article/pii/S0920379614002117",
author = "J. Urban and J. Pipek and M. Hron and F. Janky and R. Papřok and M. Peterka and A.S. Duarte",
keywords = "Tokamak, CODAC, Database, Data management, Data acquisition"
}
@article{TEUBNER2007105,
title = "Strategic information systems planning: A case study from the financial services industry",
journal = "The Journal of Strategic Information Systems",
volume = "16",
number = "1",
pages = "105 - 125",
year = "2007",
issn = "0963-8687",
doi = "https://doi.org/10.1016/j.jsis.2007.01.002",
url = "http://www.sciencedirect.com/science/article/pii/S0963868707000030",
author = "R.A. Teubner"
}
@article{DEANGELIS2015170,
title = "Advanced Line Sampling for efficient robust reliability analysis",
journal = "Structural Safety",
volume = "52",
pages = "170 - 182",
year = "2015",
note = "Engineering Analyses with Vague and Imprecise Information",
issn = "0167-4730",
doi = "https://doi.org/10.1016/j.strusafe.2014.10.002",
url = "http://www.sciencedirect.com/science/article/pii/S0167473014000927",
author = "Marco de Angelis and Edoardo Patelli and Michael Beer",
keywords = "Failure probability, Monte Carlo, Line Sampling, Credal sets, Generalized uncertainty model, Aleatory and epistemic uncertainty"
}
@article{WU2015212,
title = "Cellpath: Fusion of Cellular and Traffic Sensor Data for Route Flow Estimation via Convex Optimization",
journal = "Transportation Research Procedia",
volume = "7",
pages = "212 - 232",
year = "2015",
note = "21st International Symposium on Transportation and Traffic Theory Kobe, Japan, 5-7 August, 2015",
issn = "2352-1465",
doi = "https://doi.org/10.1016/j.trpro.2015.06.012",
url = "http://www.sciencedirect.com/science/article/pii/S2352146515000800",
author = "Cathy Wu and Jérôme Thai and Steve Yadlowsky and Alexei Pozdnoukhov and Alexandre Bayen",
keywords = "Route flow estimation, cellular network data, convex optimization, traffic assignment, simplex constraints, isotonic regression"
}
@article{ROSSI2015266,
title = "Fuzzy Logic-based Incident Detection System using Loop Detectors Data",
journal = "Transportation Research Procedia",
volume = "10",
pages = "266 - 275",
year = "2015",
note = "18th Euro Working Group on Transportation, EWGT 2015, 14-16 July 2015, Delft, The Netherlands",
issn = "2352-1465",
doi = "https://doi.org/10.1016/j.trpro.2015.09.076",
url = "http://www.sciencedirect.com/science/article/pii/S235214651500263X",
author = "Riccardo Rossi and Massimiliano Gastaldi and Gregorio Gecchele and Valeria Barbaro",
keywords = "Automatic Incident Detection, Fuzzy Logic, Loop Detectors, Microsimulation"
}
@incollection{KUMIEGA200815,
title = "2 - Key Concepts and Definitions of Terms",
editor = "Andrew Kumiega and Benjamin Van Vliet",
booktitle = "Quality Money Management",
publisher = "Academic Press",
address = "Burlington",
pages = "15 - 27",
year = "2008",
series = "Financial Market Technology",
isbn = "978-0-12-372549-3",
doi = "https://doi.org/10.1016/B978-0-12-372549-3.00002-1",
url = "http://www.sciencedirect.com/science/article/pii/B9780123725493000021",
author = "Andrew Kumiega and Benjamin Van Vliet"
}
@article{ROBERTSON1998115,
title = "An empirical study of the LSS specification toolkit in use",
journal = "Journal of Systems and Software",
volume = "42",
number = "2",
pages = "115 - 123",
year = "1998",
issn = "0164-1212",
doi = "https://doi.org/10.1016/S0164-1212(98)10003-1",
url = "http://www.sciencedirect.com/science/article/pii/S0164121298100031",
author = "David Robertson"
}
@article{LUNA2014136,
title = "The software project scheduling problem: A scalability analysis of multi-objective metaheuristics",
journal = "Applied Soft Computing",
volume = "15",
pages = "136 - 148",
year = "2014",
issn = "1568-4946",
doi = "https://doi.org/10.1016/j.asoc.2013.10.015",
url = "http://www.sciencedirect.com/science/article/pii/S1568494613003499",
author = "Francisco Luna and David L. González-Álvarez and Francisco Chicano and Miguel A. Vega-Rodríguez",
keywords = "Software project scheduling, Scalability analysis, Multi-objective optimization"
}
@article{ESPINET201636,
title = "Framework, models and controlled experiments for network troubleshooting",
journal = "Computer Networks",
volume = "107",
pages = "36 - 54",
year = "2016",
note = "Machine learning, data mining and Big Data frameworks for network monitoring and troubleshooting",
issn = "1389-1286",
doi = "https://doi.org/10.1016/j.comnet.2016.06.001",
url = "http://www.sciencedirect.com/science/article/pii/S1389128616301815",
author = "Francois Espinet and Diana Joumblatt and Dario Rossi",
keywords = "Troubleshooting, Emulation, Modeling, Experiments, Root-cause analysis"
}
@article{VARLEY2016298,
title = "ExoData: A Python package to handle large exoplanet catalogue data",
journal = "Computer Physics Communications",
volume = "207",
pages = "298 - 309",
year = "2016",
issn = "0010-4655",
doi = "https://doi.org/10.1016/j.cpc.2016.05.009",
url = "http://www.sciencedirect.com/science/article/pii/S0010465516301254",
author = "Ryan Varley",
keywords = "Exoplanets, Catalogues, Interface"
}
@article{PEREIRA19981159,
title = "ADOORAT - A Distributed Object-Oriented Approach for Real-Time Systems Development",
journal = "IFAC Proceedings Volumes",
volume = "31",
number = "20",
pages = "1159 - 1164",
year = "1998",
note = "8th IFAC/IFORS/IMACS/IFIP Symposium on Large Scale Systems: Theory and Applications 1998 (LSS'98), Rio Patras, Greece, 15-17 July 1998",
issn = "1474-6670",
doi = "https://doi.org/10.1016/S1474-6670(17)41955-0",
url = "http://www.sciencedirect.com/science/article/pii/S1474667017419550",
author = "C.E. Pereira and A. Heinke Frigeri and W. Halang",
keywords = "Real-Time, Software Engineering, Distributed Intelligence Systems, Object-Oriented Techniques"
}
@article{MOORE2014120,
title = "Exploring medical diagnostic performance using interactive, multi-parameter sourced receiver operating characteristic scatter plots",
journal = "Computers in Biology and Medicine",
volume = "47",
pages = "120 - 129",
year = "2014",
issn = "0010-4825",
doi = "https://doi.org/10.1016/j.compbiomed.2014.01.012",
url = "http://www.sciencedirect.com/science/article/pii/S0010482514000237",
author = "Hyatt E. Moore and Olivier Andlauer and Noah Simon and Emmanuel Mignot",
keywords = "Diagnostic testing, Receiver operating characteristic, Bootstrap, Data visualization, Sleep"
}
@article{ROBERTS20114393,
title = "The combined bone forming capacity of human periosteal derived cells and calcium phosphates",
journal = "Biomaterials",
volume = "32",
number = "19",
pages = "4393 - 4405",
year = "2011",
issn = "0142-9612",
doi = "https://doi.org/10.1016/j.biomaterials.2011.02.047",
url = "http://www.sciencedirect.com/science/article/pii/S0142961211002109",
author = "Scott J. Roberts and Liesbet Geris and Greet Kerckhofs and Eline Desmet and Jan Schrooten and Frank P. Luyten",
keywords = "Progenitor cell, Bone regeneration, Osteogenesis, Calcium phosphate, Scaffold"
}
@article{LIU2006432,
title = "ResourceLog: An Embeddable Tool for Dynamically Monitoring the Usage of Web-Based Bioscience Resources",
journal = "Journal of the American Medical Informatics Association",
volume = "13",
number = "4",
pages = "432 - 437",
year = "2006",
issn = "1067-5027",
doi = "https://doi.org/10.1197/jamia.M2013",
url = "http://www.sciencedirect.com/science/article/pii/S1067502706000600",
author = "Nian Liu and Luis Marenco and Perry L. Miller"
}
@article{WANG201420560,
title = "Predicting radiative characteristics of hydrogen and hydrogen/methane jet fires using FireFOAM",
journal = "International Journal of Hydrogen Energy",
volume = "39",
number = "35",
pages = "20560 - 20569",
year = "2014",
issn = "0360-3199",
doi = "https://doi.org/10.1016/j.ijhydene.2014.04.062",
url = "http://www.sciencedirect.com/science/article/pii/S0360319914010830",
author = "C.J. Wang and J.X. Wen and Z.B. Chen and S. Dembele",
keywords = "Hydrogen jet fire, Hydrogen/methane jet fire, FireFOAM, Multi-component fuel"
}
@article{RAULGARDUNO1995461,
title = "Control System Modernization: Turbogas Unit Case Study",
journal = "IFAC Proceedings Volumes",
volume = "28",
number = "26",
pages = "461 - 466",
year = "1995",
note = "IFAC Symposium on Control of Power Plants and Power Systems 1995, Cancún, Mexico, 6-8 December",
issn = "1474-6670",
doi = "https://doi.org/10.1016/S1474-6670(17)44799-9",
url = "http://www.sciencedirect.com/science/article/pii/S1474667017447999",
author = "R. Raul Garduño and P. Marino Sánchez",
keywords = "Gas turbines, Computer controlled systems, Control system design, Software reliability, Control technology"
}
@article{BRISSINCK1998411,
title = "Analysis of large ATM switches using a platform-independent simulation environment",
journal = "Journal of Systems Architecture",
volume = "44",
number = "6",
pages = "411 - 431",
year = "1998",
issn = "1383-7621",
doi = "https://doi.org/10.1016/S1383-7621(97)80166-X",
url = "http://www.sciencedirect.com/science/article/pii/S138376219780166X",
author = "Wouter Brissinck and Erik Dirkx",
keywords = "Parallel simulation, simulator environments, Asynchronous Transfer Mode"
}
@article{JOSHI2014123,
title = "BOLDSync: A MATLAB-based toolbox for synchronized stimulus presentation in functional MRI",
journal = "Journal of Neuroscience Methods",
volume = "223",
pages = "123 - 132",
year = "2014",
issn = "0165-0270",
doi = "https://doi.org/10.1016/j.jneumeth.2013.12.002",
url = "http://www.sciencedirect.com/science/article/pii/S0165027013004196",
author = "Jitesh Joshi and Sumiti Saharan and Pravat K. Mandal",
keywords = "BOLDSync, Functional MRI, Stimulus presentation, MATLAB, Toolbox, Synchronization, Accuracy"
}
@article{SOUSA1995471,
title = "On writing a router for message passing in a transputer network",
journal = "Computing Systems in Engineering",
volume = "6",
number = "4",
pages = "471 - 476",
year = "1995",
note = "International Meeting on Vector and Parallel Processing",
issn = "0956-0521",
doi = "https://doi.org/10.1016/0956-0521(95)00038-0",
url = "http://www.sciencedirect.com/science/article/pii/0956052195000380",
author = "A.Augusto Sousa and F.Nunes Ferreira"
}
@incollection{TSATSOULIS2000807,
title = "27 - Case-Based Reasoning",
editor = "Cornelius T. Leondes",
booktitle = "Knowledge-Based Systems",
publisher = "Academic Press",
address = "San Diego",
pages = "807 - 837",
year = "2000",
isbn = "978-0-12-443875-0",
doi = "https://doi.org/10.1016/B978-012443875-0/50028-8",
url = "http://www.sciencedirect.com/science/article/pii/B9780124438750500288",
author = "Costas Tsatsoulis and Andrew B. Williams"
}
@article{GRAMFORT2014446,
title = "MNE software for processing MEG and EEG data",
journal = "NeuroImage",
volume = "86",
pages = "446 - 460",
year = "2014",
issn = "1053-8119",
doi = "https://doi.org/10.1016/j.neuroimage.2013.10.027",
url = "http://www.sciencedirect.com/science/article/pii/S1053811913010501",
author = "Alexandre Gramfort and Martin Luessi and Eric Larson and Denis A. Engemann and Daniel Strohmeier and Christian Brodbeck and Lauri Parkkonen and Matti S. Hämäläinen",
keywords = "Magnetoencephalography (MEG), Electroencephalography (EEG), Software, Inverse problem, Time–frequency analysis, Connectivity, Non-parametric statistics"
}
@article{CAMPBELL1988210,
title = "Emeraude portable common tool environment",
journal = "Information and Software Technology",
volume = "30",
number = "4",
pages = "210 - 217",
year = "1988",
issn = "0950-5849",
doi = "https://doi.org/10.1016/0950-5849(88)90081-X",
url = "http://www.sciencedirect.com/science/article/pii/095058498890081X",
author = "Ian Campbell"
}
@article{HOUSTIS1989497,
title = "Parallel (‖) ELLPACK: an expert system for parallel processing of partial differential equations",
journal = "Mathematics and Computers in Simulation",
volume = "31",
number = "4",
pages = "497 - 507",
year = "1989",
note = "Special Double Issue",
issn = "0378-4754",
doi = "https://doi.org/10.1016/0378-4754(89)90143-2",
url = "http://www.sciencedirect.com/science/article/pii/0378475489901432",
author = "E.N. Houstis and J.R. Rice and T.S. Papatheodorou"
}
@article{LIM2005131,
title = "An empirical investigation of the impact of the object-oriented paradigm on the maintainability of real-world mission-critical software",
journal = "Journal of Systems and Software",
volume = "77",
number = "2",
pages = "131 - 138",
year = "2005",
issn = "0164-1212",
doi = "https://doi.org/10.1016/j.jss.2004.11.004",
url = "http://www.sciencedirect.com/science/article/pii/S0164121204002237",
author = "Joa Sang Lim and Seung Ryul Jeong and Stephen R. Schach"
}
@article{WATSON1995171,
title = "Development practices for executive information systems: findings of a field study",
journal = "Decision Support Systems",
volume = "14",
number = "2",
pages = "171 - 184",
year = "1995",
issn = "0167-9236",
doi = "https://doi.org/10.1016/0167-9236(94)00010-P",
url = "http://www.sciencedirect.com/science/article/pii/016792369400010P",
author = "Hugh J. Watson and Richard T. Watson and Sanjay Singh and David Holmes",
keywords = "Executive information systems, Systems development, Systems analysis and design, Systems development life cycle, Prototyping, Evolutionary design"
}
@article{ELBERZHAGER2014793,
title = "Analyzing the relationships between inspections and testing to provide a software testing focus",
journal = "Information and Software Technology",
volume = "56",
number = "7",
pages = "793 - 806",
year = "2014",
issn = "0950-5849",
doi = "https://doi.org/10.1016/j.infsof.2014.02.007",
url = "http://www.sciencedirect.com/science/article/pii/S0950584914000494",
author = "Frank Elberzhager and Jürgen Münch and Danilo Assmann",
keywords = "Inspection, Testing, Integration, -measure, Case study"
}
@article{RUTTER2018174,
title = "C2x: A tool for visualisation and input preparation for Castep and other electronic structure codes",
journal = "Computer Physics Communications",
volume = "225",
pages = "174 - 179",
year = "2018",
issn = "0010-4655",
doi = "https://doi.org/10.1016/j.cpc.2017.12.008",
url = "http://www.sciencedirect.com/science/article/pii/S0010465517304137",
author = "M.J. Rutter",
keywords = "Spglib, Electronic structure visualisation, Crystallographic symmetry, Supercell generation"
}
@article{TWEEDALE20141033,
title = "Enhancing the Dgree of Autonomy on a ‘Tier 1’ Unmanned Aerial Vehicle Using a Visual Landing Framework",
journal = "Procedia Computer Science",
volume = "35",
pages = "1033 - 1042",
year = "2014",
note = "Knowledge-Based and Intelligent Information & Engineering Systems 18th Annual Conference, KES-2014 Gdynia, Poland, September 2014 Proceedings",
issn = "1877-0509",
doi = "https://doi.org/10.1016/j.procs.2014.08.190",
url = "http://www.sciencedirect.com/science/article/pii/S1877050914011557",
author = "Jeffrey W. Tweedale and Dion Gonano",
keywords = "Agents, Artificial Intelligence, Automation, Autonomy, Autonomous Systems, Computational Intelligence, M2 M, Machine Intelligence, Machine Vision, Multi-Agent Systems, SIFT."
}
@article{JAGDEV1995331,
title = "Verification and validation issues in manufacturing models",
journal = "Computers in Industry",
volume = "25",
number = "3",
pages = "331 - 353",
year = "1995",
note = "CIM in the Extended Enterprise",
issn = "0166-3615",
doi = "https://doi.org/10.1016/0166-3615(94)00045-R",
url = "http://www.sciencedirect.com/science/article/pii/016636159400045R",
author = "H.S. Jagdev and J. Browne and P. Jordan",
keywords = "Verification, Validation, Manufacturing models"
}
@article{HAITZER2014135,
title = "Semi-automated architectural abstraction specifications for supporting software evolution",
journal = "Science of Computer Programming",
volume = "90",
pages = "135 - 160",
year = "2014",
note = "Special Issue on Component-Based Software Engineering and Software Architecture",
issn = "0167-6423",
doi = "https://doi.org/10.1016/j.scico.2013.10.004",
url = "http://www.sciencedirect.com/science/article/pii/S0167642313002542",
author = "Thomas Haitzer and Uwe Zdun",
keywords = "Architectural abstraction, Architectural component and connector views, Software evolution, UML, Model transformation"
}
@article{ZHI2015175,
title = "Cost, benefits and quality of software development documentation: A systematic mapping",
journal = "Journal of Systems and Software",
volume = "99",
pages = "175 - 198",
year = "2015",
issn = "0164-1212",
doi = "https://doi.org/10.1016/j.jss.2014.09.042",
url = "http://www.sciencedirect.com/science/article/pii/S0164121214002131",
author = "Junji Zhi and Vahid Garousi-Yusifoğlu and Bo Sun and Golara Garousi and Shawn Shahnewaz and Guenther Ruhe",
keywords = "Software documentation, Documentation benefit, Systematic mapping"
}
@article{POTTHAST2007173,
title = "The Mass Distance Fingerprint: A statistical framework for de novo detection of predominant modifications using high-accuracy mass spectrometry",
journal = "Journal of Chromatography B",
volume = "854",
number = "1",
pages = "173 - 182",
year = "2007",
issn = "1570-0232",
doi = "https://doi.org/10.1016/j.jchromb.2007.04.020",
url = "http://www.sciencedirect.com/science/article/pii/S1570023207003169",
author = "Frank Potthast and Bertran Gerrits and Jari Häkkinen and Dorothea Rutishauser and Christian H. Ahrens and Bernd Roschitzki and Katja Baerenfaller and Richard P. Munton and Pascal Walther and Peter Gehrig and Philipp Seif and Peter H. Seeberger and Ralph Schlapbach",
keywords = "Mass Distance Fingerprint, Mass Distance Histogram, Post-translational modification, Protein identification"
}
@article{CUESTA2005177,
title = "An “abstract process” approach to algebraic dynamic architecture description",
journal = "The Journal of Logic and Algebraic Programming",
volume = "63",
number = "2",
pages = "177 - 214",
year = "2005",
note = "Special Issue on Process Algebra and System Architecture",
issn = "1567-8326",
doi = "https://doi.org/10.1016/j.jlap.2004.05.003",
url = "http://www.sciencedirect.com/science/article/pii/S1567832604000360",
author = "Carlos E. Cuesta and Pablo de la Fuente and Manuel Barrio-Solórzano and M. Encarnación Beato",
keywords = "Architecture description language, Process algebra, Dynamic software architecture, Abstract process, Reflection, -Calculus"
}
@article{TSAI1990521,
title = "Automated retrieval of consistent documentation for rapid prototyping systems and software maintenance",
journal = "Information and Software Technology",
volume = "32",
number = "8",
pages = "521 - 530",
year = "1990",
issn = "0950-5849",
doi = "https://doi.org/10.1016/0950-5849(90)90142-E",
url = "http://www.sciencedirect.com/science/article/pii/095058499090142E",
author = "S-T Tsai and C-C Yang and C-C Lien",
keywords = "information retrieval, software maintenance, rapid prototyping, databases, requirements specification"
}
@article{TOSNER201479,
title = "Computer-intensive simulation of solid-state NMR experiments using SIMPSON",
journal = "Journal of Magnetic Resonance",
volume = "246",
pages = "79 - 93",
year = "2014",
issn = "1090-7807",
doi = "https://doi.org/10.1016/j.jmr.2014.07.002",
url = "http://www.sciencedirect.com/science/article/pii/S1090780714001931",
author = "Zdeněk Tošner and Rasmus Andersen and Baltzar Stevensson and Mattias Edén and Niels Chr. Nielsen and Thomas Vosegaard",
keywords = "SIMPSON, Simulation of solid-state NMR experiments, Fast powder averaging, Cloud computing, Optimal control pulse sequence optimization"
}
@article{SANTORI20142283,
title = "Application of Interactive Motion Charts for Displaying Liver Transplantation Data in Public Websites",
journal = "Transplantation Proceedings",
volume = "46",
number = "7",
pages = "2283 - 2286",
year = "2014",
issn = "0041-1345",
doi = "https://doi.org/10.1016/j.transproceed.2014.07.030",
url = "http://www.sciencedirect.com/science/article/pii/S0041134514005338",
author = "G. Santori"
}
@article{FELD20161320,
title = "Analysing the impact of multiple stressors in aquatic biomonitoring data: A ‘cookbook’ with applications in R",
journal = "Science of The Total Environment",
volume = "573",
pages = "1320 - 1339",
year = "2016",
issn = "0048-9697",
doi = "https://doi.org/10.1016/j.scitotenv.2016.06.243",
url = "http://www.sciencedirect.com/science/article/pii/S0048969716314310",
author = "Christian K. Feld and Pedro Segurado and Cayetano Gutiérrez-Cánovas",
keywords = "Analytical framework, Boosted regression trees, Random Forest, Generalised linear modelling, Freshwater ecosystems, Water framework directive"
}
@article{BLAU20132856,
title = "g_contacts: Fast contact search in bio-molecular ensemble data",
journal = "Computer Physics Communications",
volume = "184",
number = "12",
pages = "2856 - 2859",
year = "2013",
issn = "0010-4655",
doi = "https://doi.org/10.1016/j.cpc.2013.07.018",
url = "http://www.sciencedirect.com/science/article/pii/S0010465513002464",
author = "Christian Blau and Helmut Grubmuller",
keywords = "Range search, Molecular dynamics, Decomposition scheme, Gromacs"
}
@article{KUMAR2012887,
title = "Sub-daily Statistical Downscaling of Meteorological Variables Using Neural Networks",
journal = "Procedia Computer Science",
volume = "9",
pages = "887 - 896",
year = "2012",
note = "Proceedings of the International Conference on Computational Science, ICCS 2012",
issn = "1877-0509",
doi = "https://doi.org/10.1016/j.procs.2012.04.095",
url = "http://www.sciencedirect.com/science/article/pii/S1877050912002165",
author = "Jitendra Kumar and Bjørn-Gustaf J. Brooks and Peter E. Thornton and Michael C. Dietze",
keywords = "statistical downscaling, artiﬁcial neural networks, CRU-NCEP, CCSM, climate"
}
@article{BUCHER199413,
title = "Software for reliability-based analysis",
journal = "Structural Safety",
volume = "16",
number = "1",
pages = "13 - 22",
year = "1994",
note = "Reliability-based Structural System Assessment, Design and Optimization",
issn = "0167-4730",
doi = "https://doi.org/10.1016/0167-4730(94)00025-L",
url = "http://www.sciencedirect.com/science/article/pii/016747309400025L",
author = "C.G. Bucher and G.I. Schuëller",
keywords = "Structural reliability, Computational stochastic structural analysis, Software development, Response Surface Method, Monte Carlo simulation"
}
@article{FOREMAN2015101,
title = "Software in military aviation and drone mishaps: Analysis and recommendations for the investigation process",
journal = "Reliability Engineering & System Safety",
volume = "137",
pages = "101 - 111",
year = "2015",
issn = "0951-8320",
doi = "https://doi.org/10.1016/j.ress.2015.01.006",
url = "http://www.sciencedirect.com/science/article/pii/S0951832015000083",
author = "Veronica L. Foreman and Francesca M. Favaró and Joseph H. Saleh and Christopher W. Johnson",
keywords = "Military aviation, Mishap, Accident investigation, Software, Remotely Piloted Air Systems (RPAS)"
}
@article{TAY20131168,
title = "UpSizeR: Synthetically scaling an empirical relational database",
journal = "Information Systems",
volume = "38",
number = "8",
pages = "1168 - 1183",
year = "2013",
issn = "0306-4379",
doi = "https://doi.org/10.1016/j.is.2013.07.004",
url = "http://www.sciencedirect.com/science/article/pii/S0306437913001002",
author = "Y.C. Tay and Bing Tian Dai and Daniel T. Wang and Eldora Y. Sun and Yong Lin and Yuting Lin",
keywords = "Application-specific benchmarking, Synthetic data generation, Scale factor, Empirical dataset, Attribute value correlation, Social networks"
}
@article{PEIRIS20132849,
title = "Adapting system execution traces to support analysis of software system performance properties",
journal = "Journal of Systems and Software",
volume = "86",
number = "11",
pages = "2849 - 2862",
year = "2013",
issn = "0164-1212",
doi = "https://doi.org/10.1016/j.jss.2013.06.060",
url = "http://www.sciencedirect.com/science/article/pii/S0164121213001635",
author = "Manjula Peiris and James H. Hill",
keywords = "SETAF, System execution traces, Adaptation"
}
@article{CHEUNG19961250,
title = "Petri nets for protocol engineering",
journal = "Computer Communications",
volume = "19",
number = "14",
pages = "1250 - 1257",
year = "1996",
note = "Protocol Engineering",
issn = "0140-3664",
doi = "https://doi.org/10.1016/S0140-3664(96)01158-9",
url = "http://www.sciencedirect.com/science/article/pii/S0140366496011589",
author = "To-yat Cheung",
keywords = "Formal description technique, Invariant, Petri net, Protocol, Reachability, Specification, Synthesis, Testing, Verification"
}
@article{FIGUEROA200573,
title = "Efficient comparison of platform alternatives in interactive virtual reality applications",
journal = "International Journal of Human-Computer Studies",
volume = "62",
number = "1",
pages = "73 - 103",
year = "2005",
issn = "1071-5819",
doi = "https://doi.org/10.1016/j.ijhcs.2004.08.004",
url = "http://www.sciencedirect.com/science/article/pii/S1071581904000874",
author = "Pablo Figueroa and Walter F. Bischof and Pierre Boulanger and H. James Hoover",
keywords = "Virtual reality, Iterative development, User studies in virtual reality, Interaction techniques markup language, InTml"
}
@article{GRABOT199617,
title = "Reference models and object-oriented method for reuse in production activity control system design",
journal = "Computers in Industry",
volume = "32",
number = "1",
pages = "17 - 31",
year = "1996",
issn = "0166-3615",
doi = "https://doi.org/10.1016/S0166-3615(96)00068-1",
url = "http://www.sciencedirect.com/science/article/pii/S0166361596000681",
author = "Bernard Grabot and Pierre Huguet",
keywords = "Production Activity Control system, Object-oriented method, Reference models, FUSION method"
}
@article{DAVIES2006358,
title = "How do practitioners use conceptual modeling in practice?",
journal = "Data & Knowledge Engineering",
volume = "58",
number = "3",
pages = "358 - 380",
year = "2006",
note = "Including the special issue : ER 2004",
issn = "0169-023X",
doi = "https://doi.org/10.1016/j.datak.2005.07.007",
url = "http://www.sciencedirect.com/science/article/pii/S0169023X05000911",
author = "Islay Davies and Peter Green and Michael Rosemann and Marta Indulska and Stan Gallo",
keywords = "Conceptual modeling, Business systems analysis, Modeling techniques, Modeling tools, Project size, Modeler experience"
}
@incollection{ZHU200527,
title = "2 - Design Quality",
editor = "Hong Zhu",
booktitle = "Software Design Methodology",
publisher = "Butterworth-Heinemann",
address = "Oxford",
pages = "27 - 46",
year = "2005",
isbn = "978-0-7506-6075-4",
doi = "https://doi.org/10.1016/B978-075066075-4/50005-4",
url = "http://www.sciencedirect.com/science/article/pii/B9780750660754500054",
author = "Hong Zhu"
}
@article{SREEKUMAR2005383,
title = "Seamless aggregation and integration of diverse datastreams: Essential strategies for building practical digital libraries and electronic information systems",
journal = "The International Information & Library Review",
volume = "37",
number = "4",
pages = "383 - 393",
year = "2005",
note = "International Information Issues: Selected Papers from the American Society for Information Science and Technology Special Interest Group on International Information Issues International Paper Contests",
issn = "1057-2317",
doi = "https://doi.org/10.1016/j.iilr.2005.10.003",
url = "http://www.sciencedirect.com/science/article/pii/S1057231705000627",
author = "M.G. Sreekumar and T. Sunitha"
}
@article{ALEXANDRESCHEINKMAN197611,
title = "On optimal steady states of n-sector growth models when utility is discounted",
journal = "Journal of Economic Theory",
volume = "12",
number = "1",
pages = "11 - 30",
year = "1976",
issn = "0022-0531",
doi = "https://doi.org/10.1016/0022-0531(76)90026-0",
url = "http://www.sciencedirect.com/science/article/pii/0022053176900260",
author = "José Alexandre Scheinkman"
}
@article{MOLINA20131772,
title = "Metamodel-driven definition of a visual modeling language for specifying interactive groupware applications: An empirical study",
journal = "Journal of Systems and Software",
volume = "86",
number = "7",
pages = "1772 - 1789",
year = "2013",
issn = "0164-1212",
doi = "https://doi.org/10.1016/j.jss.2012.07.049",
url = "http://www.sciencedirect.com/science/article/pii/S016412121200221X",
author = "Ana I. Molina and Jesús Gallardo and Miguel A. Redondo and Manuel Ortega and William J. Giraldo",
keywords = "Groupware design, Interaction Design, DSL, Metamodel, MDE"
}
@article{HEITMEYER200411,
title = "Managing Complexity in Software Development with Formally Based Tools",
journal = "Electronic Notes in Theoretical Computer Science",
volume = "108",
pages = "11 - 19",
year = "2004",
note = "Proceedings of the First International Workshop on Formal Foundations of Embedded Software and Component-based Software Architectures (FESCA 2004)",
issn = "1571-0661",
doi = "https://doi.org/10.1016/j.entcs.2004.11.004",
url = "http://www.sciencedirect.com/science/article/pii/S1571066104051977",
author = "Constance Heitmeyer",
keywords = "formal methods, software tools, formal specification, formal verification, model checking, theorem proving, SCR"
}
@article{LAU20131116,
title = "Efficient grid-based spatial representations for robot navigation in dynamic environments",
journal = "Robotics and Autonomous Systems",
volume = "61",
number = "10",
pages = "1116 - 1130",
year = "2013",
note = "Selected Papers from the 5th European Conference on Mobile Robots (ECMR 2011)",
issn = "0921-8890",
doi = "https://doi.org/10.1016/j.robot.2012.08.010",
url = "http://www.sciencedirect.com/science/article/pii/S092188901200142X",
author = "Boris Lau and Christoph Sprunk and Wolfram Burgard",
keywords = "Incremental algorithms, Voronoi diagrams, Distance maps, Configuration space, Collision checking, Robot navigation"
}
@incollection{ALDER2007181,
title = "Chapter 4 - Introducing Snort",
editor = "Raven Alder and Josh Burke and Chad Keefer and Angela Orebaugh and Larry Pesce and Eric S. Seagren",
booktitle = "How to Cheat at Configuring Open Source Security Tools",
publisher = "Syngress",
address = "Burlington",
pages = "181 - 212",
year = "2007",
series = "How to Cheat",
isbn = "978-1-59749-170-9",
doi = "https://doi.org/10.1016/B978-159749170-9/50017-5",
url = "http://www.sciencedirect.com/science/article/pii/B9781597491709500175",
author = "Raven Alder and Josh Burke and Chad Keefer and Angela Orebaugh and Larry Pesce and Eric S. Seagren"
}
@incollection{OCCULTI1983195,
title = "A PRACTICAL METHODOLOGY FOR SAFETY SOFTWARE DEVELOPMENT, VERIFICATION & VALIDATION",
editor = "J.A. BAYLIS",
booktitle = "Safety of Computer Control Systems 1983 (Safecomp '83)",
publisher = "Pergamon",
pages = "195 - 196",
year = "1983",
isbn = "978-0-08-030563-9",
doi = "https://doi.org/10.1016/B978-0-08-030563-9.50030-5",
url = "http://www.sciencedirect.com/science/article/pii/B9780080305639500305",
author = "R. Galanti Occulti and B. Massa and V. Siciliano and G.D. Viano"
}
@incollection{EHRICH1983327,
title = "DMS – A SYSTEM FOR DEFINING AND MANAGING HUMAN-COMPUTER DIALOGUES",
editor = "G. JOHANNSEN and J.E. RIJNSDORP",
booktitle = "Analysis, Design and Evaluation of Man–Machine Systems",
publisher = "Pergamon",
pages = "327 - 334",
year = "1983",
isbn = "978-0-08-029348-6",
doi = "https://doi.org/10.1016/B978-0-08-029348-6.50053-1",
url = "http://www.sciencedirect.com/science/article/pii/B9780080293486500531",
author = "R.W. Ehrich"
}
@article{BACKLUND2014837,
title = "Project Management Maturity Models – A Critical Review: A Case Study within Swedish Engineering and Construction Organizations",
journal = "Procedia - Social and Behavioral Sciences",
volume = "119",
pages = "837 - 846",
year = "2014",
note = "Selected papers from the 27th IPMA (International Project Management Association), World Congress, Dubrovnik, Croatia, 2013",
issn = "1877-0428",
doi = "https://doi.org/10.1016/j.sbspro.2014.03.094",
url = "http://www.sciencedirect.com/science/article/pii/S1877042814021855",
author = "F. Backlund and D. Chronéer and E. Sundqvist",
keywords = "Project maturity, projekt management maturity, project management maturity models"
}