@article{SHI2016178,
title = "MapReduce short jobs optimization based on resource reuse",
journal = "Microprocessors and Microsystems",
volume = "47",
pages = "178 - 187",
year = "2016",
issn = "0141-9331",
doi = "https://doi.org/10.1016/j.micpro.2016.05.007",
url = "http://www.sciencedirect.com/science/article/pii/S0141933116300436",
author = "Yuliang Shi and Kaihui Zhang and Lizhen Cui and Lei Liu and Yongqing Zheng and Shidong Zhang and Han Yu",
keywords = "Hadoop, Short job, Performance optimization, Resource utilization, Task scheduling"
}
@article{MOTSCHNIGPITRIK1990125,
title = "A framework for the support of a common structural level for software-, data base-, and knowledge-based systems",
journal = "Journal of Systems and Software",
volume = "12",
number = "2",
pages = "125 - 137",
year = "1990",
note = "The Role of Language in Programming",
issn = "0164-1212",
doi = "https://doi.org/10.1016/0164-1212(90)90075-W",
url = "http://www.sciencedirect.com/science/article/pii/016412129090075W",
author = "R. Motschnig-Pitrik"
}
@article{SIMKOVA2013497,
title = "Effective Use of Virtual Learning Environment and LMS",
journal = "Procedia - Social and Behavioral Sciences",
volume = "83",
pages = "497 - 500",
year = "2013",
note = "2nd World Conference on Educational Technology Research",
issn = "1877-0428",
doi = "https://doi.org/10.1016/j.sbspro.2013.06.096",
url = "http://www.sciencedirect.com/science/article/pii/S1877042813011634",
author = "Monika Simkova and Jiri Stepanek",
keywords = "LMS, virtual learning, IT support education ;"
}
@incollection{GUDIVADA201731,
title = "Chapter 2 - Data Analytics: Fundamentals",
editor = "Mashrur Chowdhury and Amy Apon and Kakan Dey",
booktitle = "Data Analytics for Intelligent Transportation Systems",
publisher = "Elsevier",
pages = "31 - 67",
year = "2017",
isbn = "978-0-12-809715-1",
doi = "https://doi.org/10.1016/B978-0-12-809715-1.00002-X",
url = "http://www.sciencedirect.com/science/article/pii/B978012809715100002X",
author = "Venkat N. Gudivada",
keywords = "Data analytics, data science, data mining, clustering, classification, model building"
}
@article{WAGNER20101230,
title = "A Bayesian network approach to assess and predict software quality using activity-based quality models",
journal = "Information and Software Technology",
volume = "52",
number = "11",
pages = "1230 - 1241",
year = "2010",
note = "Special Section on Best Papers PROMISE 2009",
issn = "0950-5849",
doi = "https://doi.org/10.1016/j.infsof.2010.03.016",
url = "http://www.sciencedirect.com/science/article/pii/S0950584910001175",
author = "Stefan Wagner",
keywords = "Activity-based quality model, Bayesian network, Quality assessment, Quality prediction"
}
@article{ROM1990263,
title = "Medical Decision Support Based on Databases, Expert Systems and Neural Networks",
journal = "IFAC Proceedings Volumes",
volume = "23",
number = "8, Part 4",
pages = "263 - 266",
year = "1990",
note = "11th IFAC World Congress on Automatic Control, Tallinn, 1990 - Volume 4, Tallinn, Finland",
issn = "1474-6670",
doi = "https://doi.org/10.1016/S1474-6670(17)51833-9",
url = "http://www.sciencedirect.com/science/article/pii/S1474667017518339",
author = "G. Rom and R. Grims and Ch. Linster and G. Schwarz and G. Pfurtscheller",
keywords = "Expert system, data base, neural networks, artificial intelligence, brain death, diagnostic system"
}
@article{EAST2018176,
title = "Maximal subsemigroups of finite transformation and diagram monoids",
journal = "Journal of Algebra",
volume = "504",
pages = "176 - 216",
year = "2018",
issn = "0021-8693",
doi = "https://doi.org/10.1016/j.jalgebra.2018.01.048",
url = "http://www.sciencedirect.com/science/article/pii/S0021869318301297",
author = "James East and Jitender Kumar and James D. Mitchell and Wilf A. Wilson",
keywords = "Maximal subsemigroups, Transformation semigroup, Diagram monoid, Permutation groups, Maximal subgroups, Graph, Maximal independent set, Partition monoid"
}
@article{SWIGGER198947,
title = "Experimental comparison of design/documentation formats for expert systems",
journal = "International Journal of Man-Machine Studies",
volume = "31",
number = "1",
pages = "47 - 60",
year = "1989",
issn = "0020-7373",
doi = "https://doi.org/10.1016/0020-7373(89)90032-1",
url = "http://www.sciencedirect.com/science/article/pii/0020737389900321",
author = "Kathleen M. Swigger and Robert P. Brazile"
}
@article{NASCIMENTO2013730,
title = "Construction of a Web-based Project Management Simulator: Proposal, Process and Features",
journal = "Procedia Technology",
volume = "9",
pages = "730 - 739",
year = "2013",
note = "CENTERIS 2013 - Conference on ENTERprise Information Systems / ProjMAN 2013 - International Conference on Project MANagement/ HCIST 2013 - International Conference on Health and Social Care Information Systems and Technologies",
issn = "2212-0173",
doi = "https://doi.org/10.1016/j.protcy.2013.12.081",
url = "http://www.sciencedirect.com/science/article/pii/S2212017313002351",
author = "João Nascimento and Paulo Resende da Silva and João Samartinho",
keywords = "Software Engineering, Project Management, Computer Based Trainning"
}
@article{OKEEFFE2008502,
title = "Search-based refactoring for software maintenance",
journal = "Journal of Systems and Software",
volume = "81",
number = "4",
pages = "502 - 516",
year = "2008",
note = "Selected papers from the 10th Conference on Software Maintenance and Reengineering (CSMR 2006)",
issn = "0164-1212",
doi = "https://doi.org/10.1016/j.jss.2007.06.003",
url = "http://www.sciencedirect.com/science/article/pii/S0164121207001409",
author = "Mark O’Keeffe and Mel Ó Cinnéide",
keywords = "Search-based software engineering, Automated design improvement, Refactoring"
}
@article{GORLITZ2012145,
title = "Stroke manager service for improved post-acute continuity of care",
journal = "Health Policy and Technology",
volume = "1",
number = "3",
pages = "145 - 154",
year = "2012",
issn = "2211-8837",
doi = "https://doi.org/10.1016/j.hlpt.2012.07.008",
url = "http://www.sciencedirect.com/science/article/pii/S2211883712000640",
author = "Roland A. Görlitz and Asarnusch Rashid and Christof Weinhardt"
}
@article{BERGMEIR2012497,
title = "Segmentation of cervical cell nuclei in high-resolution microscopic images: A new algorithm and a web-based software framework",
journal = "Computer Methods and Programs in Biomedicine",
volume = "107",
number = "3",
pages = "497 - 512",
year = "2012",
issn = "0169-2607",
doi = "https://doi.org/10.1016/j.cmpb.2011.09.017",
url = "http://www.sciencedirect.com/science/article/pii/S0169260711003191",
author = "Christoph Bergmeir and Miguel García Silvente and José Manuel Benítez",
keywords = "Cervical cell imaging, Nucleus segmentation, High-resolution microscopic imaging"
}
@incollection{KIRCHNER201477,
title = "3 - Case Studies",
editor = "Richard Kirchner",
booktitle = "Surveillance and Threat Detection",
publisher = "Butterworth-Heinemann",
pages = "77 - 197",
year = "2014",
isbn = "978-0-12-407780-5",
doi = "https://doi.org/10.1016/B978-0-12-407780-5.00003-8",
url = "http://www.sciencedirect.com/science/article/pii/B9780124077805000038",
author = "Richard Kirchner",
keywords = "activist, anarchist, Black Bloc, ecoterrorism, extremist, gang, radical, terrorist"
}
@article{HUSSAIN20132,
title = "Approximation of COSMIC functional size to support early effort estimation in Agile",
journal = "Data & Knowledge Engineering",
volume = "85",
pages = "2 - 14",
year = "2013",
note = "Natural Language for Information Systems: Communicating with Anything, Anywhere in Natural Language",
issn = "0169-023X",
doi = "https://doi.org/10.1016/j.datak.2012.06.005",
url = "http://www.sciencedirect.com/science/article/pii/S0169023X1200064X",
author = "Ishrar Hussain and Leila Kosseim and Olga Ormandjieva",
keywords = "Software requirements, Functional size measurement, Text mining, Natural language processing, Agile development processes"
}
@article{PATTERSON2013129,
title = "Enhancing Electronic Health Record Usability in Pediatric Patient Care: A Scenario-Based Approach",
journal = "The Joint Commission Journal on Quality and Patient Safety",
volume = "39",
number = "3",
pages = "129 - AP2",
year = "2013",
issn = "1553-7250",
doi = "https://doi.org/10.1016/S1553-7250(13)39019-9",
url = "http://www.sciencedirect.com/science/article/pii/S1553725013390199",
author = "Emily S. Patterson and Jiajie Zhang and Patricia Abbott and Michael C. Gibbons and Svetlana Z. Lowry and Matthew T. Quinn and Mala Ramaiah and David Brick"
}
@article{DAOPING2012447,
title = "Research on Knowledge Base System of Coal Energy Saving Based on TRIZ Theory",
journal = "Procedia Engineering",
volume = "29",
pages = "447 - 451",
year = "2012",
note = "2012 International Workshop on Information and Electronics Engineering",
issn = "1877-7058",
doi = "https://doi.org/10.1016/j.proeng.2011.12.739",
url = "http://www.sciencedirect.com/science/article/pii/S1877705811065763",
author = "Wang Daoping and Sun Qingbin and Ning Jing",
keywords = "TRIZ theory, the prediction of technology maturity of product, knowledge base"
}
@article{USAMA2017260,
title = "Job schedulers for Big data processing in Hadoop environment: testing real-life schedulers using benchmark programs",
journal = "Digital Communications and Networks",
volume = "3",
number = "4",
pages = "260 - 273",
year = "2017",
note = "Big Data Security and Privacy",
issn = "2352-8648",
doi = "https://doi.org/10.1016/j.dcan.2017.07.008",
url = "http://www.sciencedirect.com/science/article/pii/S2352864817301955",
author = "Mohd Usama and Mengchen Liu and Min Chen",
keywords = "Big Data, Hadoop, MapReduce, HDFS, Scheduler, Classification, Locality, Benchmark"
}
@article{BARKER1993779,
title = "A Reference Model for Computer-aided Control Engineering",
journal = "IFAC Proceedings Volumes",
volume = "26",
number = "2, Part 2",
pages = "779 - 783",
year = "1993",
note = "12th Triennal Wold Congress of the International Federation of Automatic control. Volume 2 Robust Control, Design and Software, Sydney, Australia, 18-23 July",
issn = "1474-6670",
doi = "https://doi.org/10.1016/S1474-6670(17)49051-3",
url = "http://www.sciencedirect.com/science/article/pii/S1474667017490513",
author = "H.A. Barker and M. Chen and P.W. Grant and C.P. Jobling and P. Townsend",
keywords = "Computer-aided control engineering, Computer-aided control systems design, Software engineering environments, Software engineering tools, Reference models, Open systems"
}
@article{HAMLET2001186,
title = "Mathematics, Computer Science, Software Engineering",
journal = "Electronic Notes in Theoretical Computer Science",
volume = "40",
pages = "186",
year = "2001",
note = "MFCSIT2000, The First Irish Conference on the Mathematical Foundations of Computer Science and Information Technology",
issn = "1571-0661",
doi = "https://doi.org/10.1016/S1571-0661(05)80044-1",
url = "http://www.sciencedirect.com/science/article/pii/S1571066105800441",
author = "Dick Hamlet"
}
@article{MEERAH20105715,
title = "Environmental citizenship: What level of knowledge, attitude, skill and participation the students own?",
journal = "Procedia - Social and Behavioral Sciences",
volume = "2",
number = "2",
pages = "5715 - 5719",
year = "2010",
note = "Innovation and Creativity in Education",
issn = "1877-0428",
doi = "https://doi.org/10.1016/j.sbspro.2010.03.933",
url = "http://www.sciencedirect.com/science/article/pii/S1877042810009730",
author = "Tamby Subahan Mohd Meerah and Lilia Halim and Thiagarajan Nadeson",
keywords = "Open Source Journals, Distance Education, TOJDE, IRRODL"
}
@article{SELAMAT1996299,
title = "Evaluation of computer-aided software engineering tools: Experience from Malaysian organisations",
journal = "International Journal of Information Management",
volume = "16",
number = "4",
pages = "299 - 313",
year = "1996",
issn = "0268-4012",
doi = "https://doi.org/10.1016/0268-4012(96)00015-1",
url = "http://www.sciencedirect.com/science/article/pii/0268401296000151",
author = "M.H. Selamat and M.M. Rahim"
}
@article{ZUPAN200837,
title = "Open-Source Tools for Data Mining",
journal = "Clinics in Laboratory Medicine",
volume = "28",
number = "1",
pages = "37 - 54",
year = "2008",
note = "Clinical Data Mining and Warehousing",
issn = "0272-2712",
doi = "https://doi.org/10.1016/j.cll.2007.10.002",
url = "http://www.sciencedirect.com/science/article/pii/S0272271207001114",
author = "Blaz Zupan and Janez Demsar"
}
@article{FREDERIKS20064,
title = "Information modeling: The process and the required competencies of its participants",
journal = "Data & Knowledge Engineering",
volume = "58",
number = "1",
pages = "4 - 20",
year = "2006",
note = "Application of natural language to information systems (NLDB04)",
issn = "0169-023X",
doi = "https://doi.org/10.1016/j.datak.2005.05.007",
url = "http://www.sciencedirect.com/science/article/pii/S0169023X05000753",
author = "P.J.M. Frederiks and Th.P. van der Weide",
keywords = "Conceptual modeling, Elicitation, Validation, Domain expert, System analyst"
}
@article{BLUM1986237,
title = "Expert system applications in software engineering",
journal = "Telematics and Informatics",
volume = "3",
number = "4",
pages = "237 - 262",
year = "1986",
issn = "0736-5853",
doi = "https://doi.org/10.1016/S0736-5853(86)80062-4",
url = "http://www.sciencedirect.com/science/article/pii/S0736585386800624",
author = "Bruce I. Blum and Ralph F. Wachter"
}
@article{CASAMAYOR201278,
title = "Functional grouping of natural language requirements for assistance in architectural software design",
journal = "Knowledge-Based Systems",
volume = "30",
pages = "78 - 86",
year = "2012",
issn = "0950-7051",
doi = "https://doi.org/10.1016/j.knosys.2011.12.009",
url = "http://www.sciencedirect.com/science/article/pii/S0950705111002759",
author = "Agustin Casamayor and Daniela Godoy and Marcelo Campo",
keywords = "Software design, Requirements engineering, Functional grouping of requirements, Text mining, Natural language processing"
}
@incollection{LOSHIN201373,
title = "Chapter 8 - Developing Big Data Applications",
editor = "David Loshin",
booktitle = "Big Data Analytics",
publisher = "Morgan Kaufmann",
address = "Boston",
pages = "73 - 81",
year = "2013",
isbn = "978-0-12-417319-4",
doi = "https://doi.org/10.1016/B978-0-12-417319-4.00008-9",
url = "http://www.sciencedirect.com/science/article/pii/B9780124173194000089",
author = "David Loshin",
keywords = "Big data applications, parallelism, data distribution, scalability, MapReduce, application development framework, programming model, application execution, key value pair, HPCC, Enterprise Control Language, ECL, execution model"
}
@article{GESELLENSETTER2007105,
title = "Only the Best Can Make It: Optimal Component Selection",
journal = "Electronic Notes in Theoretical Computer Science",
volume = "176",
number = "2",
pages = "105 - 124",
year = "2007",
note = "Proceedings of the Workshop on Formal Foundations of Embedded Software and Component-Based Software Architectures (FESCA 2006)",
issn = "1571-0661",
doi = "https://doi.org/10.1016/j.entcs.2006.02.034",
url = "http://www.sciencedirect.com/science/article/pii/S1571066107002071",
author = "Lars Gesellensetter and Sabine Glesner",
keywords = "component-based software engineering, component selection, adaptor code generation, term rewriting, cost functions"
}
@article{HSU2014283,
title = "Coping knowledge boundaries between information system and business disciplines: An intellectual capital perspective",
journal = "Information & Management",
volume = "51",
number = "2",
pages = "283 - 295",
year = "2014",
issn = "0378-7206",
doi = "https://doi.org/10.1016/j.im.2013.12.005",
url = "http://www.sciencedirect.com/science/article/pii/S0378720614000056",
author = "Jack Shih-Chieh Hsu and Tsai-Hsin Chu and Tung-Ching Lin and Chiao-Fang Lo",
keywords = "Knowledge boundary, Multidisciplinary collaboration, Intellectual capital, IS development"
}
@incollection{20011,
title = "Chapter 1 - Introduction to Open Source Security",
editor = "James Stanger and Patrick T. Lane",
booktitle = "Hack Proofing Linux",
publisher = "Syngress",
address = "Burlington",
pages = "1 - 39",
year = "2001",
series = "The Only Way to Stop a Hacker Is to Think Like One",
isbn = "978-1-928994-34-3",
doi = "https://doi.org/10.1016/B978-192899434-3/50004-1",
url = "http://www.sciencedirect.com/science/article/pii/B9781928994343500041"
}
@article{SLANINA201374,
title = "NCS based regulation for ball on an inclined plane",
journal = "IFAC Proceedings Volumes",
volume = "46",
number = "28",
pages = "74 - 77",
year = "2013",
note = "12th IFAC Conference on Programmable Devices and Embedded Systems",
issn = "1474-6670",
doi = "https://doi.org/10.3182/20130925-3-CZ-3023.00114",
url = "http://www.sciencedirect.com/science/article/pii/S1474667015373018",
author = "Zdenek Slanina and Vit Otevrel and Jiri Kazarik and Michal Dojcsan",
keywords = "Networks, regulator, control system analysis, NCS"
}
@article{ROCCHINI201382,
title = "Calculating landscape diversity with information-theory based indices: A GRASS GIS solution",
journal = "Ecological Informatics",
volume = "17",
pages = "82 - 93",
year = "2013",
note = "Special issue of the 7th International Conference on Ecological Informatics, 13-16 December 2010, Ghent, Belgium: 'Unravelling complexity and supporting sustainability'",
issn = "1574-9541",
doi = "https://doi.org/10.1016/j.ecoinf.2012.04.002",
url = "http://www.sciencedirect.com/science/article/pii/S1574954112000295",
author = "Duccio Rocchini and Luca Delucchi and Giovanni Bacaro and Paolo Cavallini and Hannes Feilhauer and Giles M. Foody and Kate S. He and Harini Nagendra and Claudio Porta and Carlo Ricotta and Sebastian Schmidtlein and Lucio Davide Spano and Martin Wegmann and Markus Neteler",
keywords = "Biodiversity, Diversity metrics, GRASS GIS, Landscape ecology, , Spectral variability"
}
@incollection{RAMAMOORTHY1987393,
title = "Issues in the Development of Large, Distributed, and Reliable Software",
editor = "Marshall C. Yovits",
series = "Advances in Computers",
publisher = "Elsevier",
volume = "26",
pages = "393 - 443",
year = "1987",
booktitle = "Advances in Computers",
issn = "0065-2458",
doi = "https://doi.org/10.1016/S0065-2458(08)60011-X",
url = "http://www.sciencedirect.com/science/article/pii/S006524580860011X",
author = "C.V. Ramamoorthy and Atul Prakash and Vijay Garg and Tsuneo Yamaura and Anupam Bhide"
}
@article{GAREGNANI2018709,
title = "GIS-based approach for assessing the energy potential and the financial feasibility of run-off-river hydro-power in Alpine valleys",
journal = "Applied Energy",
volume = "216",
pages = "709 - 723",
year = "2018",
issn = "0306-2619",
doi = "https://doi.org/10.1016/j.apenergy.2018.02.043",
url = "http://www.sciencedirect.com/science/article/pii/S0306261918301685",
author = "Giulia Garegnani and Sandro Sacchelli and Jessica Balest and Pietro Zambelli",
keywords = "Hydro-power, Energy planning, GIS, Renewable energy sources"
}
@article{ARIN20181,
title = "I-TWEC: Interactive clustering tool for Twitter",
journal = "Expert Systems with Applications",
volume = "96",
pages = "1 - 13",
year = "2018",
issn = "0957-4174",
doi = "https://doi.org/10.1016/j.eswa.2017.11.055",
url = "http://www.sciencedirect.com/science/article/pii/S0957417417308114",
author = "İnanç Arın and Mert Kemal Erpam and Yücel Saygın",
keywords = "Tweet clustering, Short text clustering, Suffix tree based clustering, LCS based clustering"
}
@article{APPARI20102098,
title = "Monetary pricing of software development risks: A method and empirical illustration",
journal = "Journal of Systems and Software",
volume = "83",
number = "11",
pages = "2098 - 2107",
year = "2010",
note = "Interplay between Usability Evaluation and Software Development",
issn = "0164-1212",
doi = "https://doi.org/10.1016/j.jss.2010.06.012",
url = "http://www.sciencedirect.com/science/article/pii/S0164121210001640",
author = "Ajit Appari and Michel Benaroch",
keywords = "Risk management, Economics, Software development"
}
@article{BRERETON1998221,
title = "Distributed group working in software engineering education",
journal = "Information and Software Technology",
volume = "40",
number = "4",
pages = "221 - 227",
year = "1998",
issn = "0950-5849",
doi = "https://doi.org/10.1016/S0950-5849(98)00042-1",
url = "http://www.sciencedirect.com/science/article/pii/S0950584998000421",
author = "P Brereton and S Lees and M Gumbley and C Boldyreff and S Drummond and P Layzell and L Macaulay and R Young",
keywords = "Software engineering education, Distributed group working, CSCW"
}
@incollection{DIMIROVSKI1990257,
title = "EXPERT SYSTEM FOR RECOGNITION AND TYPICAL IDENTIFICATION OF DYNAMIC PROCESS MODELS",
editor = "R. HUSSON",
booktitle = "Advanced Information Processing in Automatic Control (AIPAC '89)",
publisher = "Pergamon",
address = "Oxford",
pages = "257 - 262",
year = "1990",
series = "IFAC Symposia Series",
isbn = "978-0-08-037034-7",
doi = "https://doi.org/10.1016/B978-0-08-037034-7.50046-8",
url = "http://www.sciencedirect.com/science/article/pii/B9780080370347500468",
author = "G.M. Dimirovski and B.L. Crvenkovski and D.M. Joskovski"
}
@article{VERGARAPEREZ2016179,
title = "MPBEC, a Matlab Program for Biomolecular Electrostatic Calculations",
journal = "Computer Physics Communications",
volume = "198",
pages = "179 - 194",
year = "2016",
issn = "0010-4655",
doi = "https://doi.org/10.1016/j.cpc.2015.08.029",
url = "http://www.sciencedirect.com/science/article/pii/S0010465515003288",
author = "Sandra Vergara-Perez and Marcelo Marucho",
keywords = "Poisson–Boltzmann equation, Biomolecular electrostatic calculations, Mean electrostatic potential, Matlab software, Graphical user interface"
}
@article{BROOKES2015322,
title = "Integrated conservation management using CMSi",
journal = "Ecological Informatics",
volume = "30",
pages = "322 - 325",
year = "2015",
issn = "1574-9541",
doi = "https://doi.org/10.1016/j.ecoinf.2015.08.005",
url = "http://www.sciencedirect.com/science/article/pii/S1574954115001417",
author = "Anne Brookes",
keywords = "Conservation management system, Integrated site management, Adaptive management planning, GIS, Species observations, Habitat mapping"
}
@article{FINDLER201752,
title = "Teaching STAMP: High Level Communication Design Concerns for a Domestic Robot",
journal = "Procedia Engineering",
volume = "179",
pages = "52 - 60",
year = "2017",
note = "4th European STAMP Workshop 2016, ESW 2016, 13-15 September 2016, Zurich, Switzerland",
issn = "1877-7058",
doi = "https://doi.org/10.1016/j.proeng.2017.03.095",
url = "http://www.sciencedirect.com/science/article/pii/S1877705817312110",
author = "Michael J. Findler and Ritesh Kumar Chalawadi",
keywords = "STAMP, domestic robot, teaching"
}
@article{ZHANG20131341,
title = "Systematic reviews in software engineering: An empirical investigation",
journal = "Information and Software Technology",
volume = "55",
number = "7",
pages = "1341 - 1354",
year = "2013",
issn = "0950-5849",
doi = "https://doi.org/10.1016/j.infsof.2012.09.008",
url = "http://www.sciencedirect.com/science/article/pii/S0950584912002029",
author = "He Zhang and Muhammad Ali Babar",
keywords = "Systematic (literature) reviews, Evidence-based software engineering, Research methodology, Methodology adoption, Mixed-methods research, Tertiary study"
}
@article{GARCIAMAGARINO2015104,
title = "PEABS: A Process for developing Efficient Agent-Based Simulators",
journal = "Engineering Applications of Artificial Intelligence",
volume = "46",
pages = "104 - 112",
year = "2015",
issn = "0952-1976",
doi = "https://doi.org/10.1016/j.engappai.2015.09.003",
url = "http://www.sciencedirect.com/science/article/pii/S0952197615002031",
author = "Iván García-Magariño and Alma Gómez-Rodríguez and Juan C. González-Moreno and Guillermo Palacios-Navarro",
keywords = "Agent-oriented software engineering, Ingenias methodology, Multi-agent system (MAS), Process, Simulation"
}
@article{ANDERT1992357,
title = "Integrated knowledge-based system design and validation for solving problems in uncertain environments",
journal = "International Journal of Man-Machine Studies",
volume = "36",
number = "2",
pages = "357 - 373",
year = "1992",
note = "Symbolic problem solving in noisy and novel task environments",
issn = "0020-7373",
doi = "https://doi.org/10.1016/0020-7373(92)90023-E",
url = "http://www.sciencedirect.com/science/article/pii/002073739290023E",
author = "Ed P. Andert"
}
@article{GOLD20129,
title = "Enterprise biometric integration under the microscope",
journal = "Biometric Technology Today",
volume = "2012",
number = "10",
pages = "9 - 11",
year = "2012",
issn = "0969-4765",
doi = "https://doi.org/10.1016/S0969-4765(12)70204-7",
url = "http://www.sciencedirect.com/science/article/pii/S0969476512702047",
author = "Steve Gold"
}
@article{PENIN20081909,
title = "Research tool patents and free-libre biotechnology: A suggested unified framework",
journal = "Research Policy",
volume = "37",
number = "10",
pages = "1909 - 1921",
year = "2008",
note = "Special Section Knowledge Dynamics out of Balance: Knowledge Biased, Skewed and Unmatched",
issn = "0048-7333",
doi = "https://doi.org/10.1016/j.respol.2008.07.012",
url = "http://www.sciencedirect.com/science/article/pii/S0048733308001601",
author = "Julien Pénin and Jean-Pierre Wack",
keywords = "Intellectual property rights, Sequential innovation, Open source, Knowledge, Collective invention"
}
@article{DIMIROVSKI1989257,
title = "Expert System for Recognition and Typical Identification of Dynamic Process Models",
journal = "IFAC Proceedings Volumes",
volume = "22",
number = "6",
pages = "257 - 262",
year = "1989",
note = "IFAC Symposium on Advanced Information Processing in Automatic Control (AIPAC'89), Nancy, France, 3-5 July 1989",
issn = "1474-6670",
doi = "https://doi.org/10.1016/S1474-6670(17)54382-7",
url = "http://www.sciencedirect.com/science/article/pii/S1474667017543827",
author = "G.M. Dimirovski and B.L. Crvenkovski and D.M. Joskovski"
}
@incollection{STEFIK1995291,
title = "3 - Knowledge and Software Engineering",
editor = "Mark Stefik",
booktitle = "Introduction to Knowledge Systems",
publisher = "Morgan Kaufmann",
address = "San Francisco (CA)",
pages = "291 - 401",
year = "1995",
isbn = "978-0-08-050916-7",
doi = "https://doi.org/10.1016/B978-0-08-050916-7.50010-9",
url = "http://www.sciencedirect.com/science/article/pii/B9780080509167500109",
author = "Mark Stefik"
}
@article{ROBERTO201620,
title = "Tracking for mobile devices: A systematic mapping study",
journal = "Computers & Graphics",
volume = "56",
pages = "20 - 30",
year = "2016",
issn = "0097-8493",
doi = "https://doi.org/10.1016/j.cag.2016.02.002",
url = "http://www.sciencedirect.com/science/article/pii/S0097849316300115",
author = "Rafael Roberto and João Paulo Lima and Veronica Teichrieb",
keywords = "Systematic mapping, Tracking, Mobile device"
}
@article{LEHMANN2017274,
title = "Water loading lift and heat storage density prediction of adsorption heat storage systems using Dubinin-Polanyi theory—Comparison with experimental results",
journal = "Applied Energy",
volume = "207",
pages = "274 - 282",
year = "2017",
note = "Transformative Innovations for a Sustainable Future – Part II",
issn = "0306-2619",
doi = "https://doi.org/10.1016/j.apenergy.2017.07.008",
url = "http://www.sciencedirect.com/science/article/pii/S0306261917308735",
author = "Christoph Lehmann and Steffen Beckert and Thomas Nonnen and Roger Gläser and Olaf Kolditz and Thomas Nagel",
keywords = "Thermochemical heat storage, Dubinin-Polanyi theory, Zeolites, Adsorption in micropores, OpenGeoSys"
}
@incollection{PREISIG2012992,
title = "Ontology approach to model construction",
editor = "Ian David Lockhart Bogle and Michael Fairweather",
series = "Computer Aided Chemical Engineering",
publisher = "Elsevier",
volume = "30",
pages = "992 - 996",
year = "2012",
booktitle = "22nd European Symposium on Computer Aided Process Engineering",
issn = "1570-7946",
doi = "https://doi.org/10.1016/B978-0-444-59520-1.50057-9",
url = "http://www.sciencedirect.com/science/article/pii/B9780444595201500579",
author = "Heinz A Preisig and Tore Haug-Warberg",
keywords = "dynamic system, software engineering, computational engineering"
}
@article{BURHANZADE2015859,
title = "Difficulties That Students Face During Factorization Questions",
journal = "Procedia - Social and Behavioral Sciences",
volume = "191",
pages = "859 - 864",
year = "2015",
note = "The Proceedings of 6th World Conference on educational Sciences",
issn = "1877-0428",
doi = "https://doi.org/10.1016/j.sbspro.2015.04.140",
url = "http://www.sciencedirect.com/science/article/pii/S1877042815024003",
author = "Hülya Burhanzade and Nilgün Aygör",
keywords = "Mathematics education, Student Selection Examination(LYS), secondary school mathematics, factorization ;"
}
@article{GHODS1998361,
title = "Contributors to quality during software maintenance1This research is supported by The Boeing Company.1",
journal = "Decision Support Systems",
volume = "23",
number = "4",
pages = "361 - 369",
year = "1998",
issn = "0167-9236",
doi = "https://doi.org/10.1016/S0167-9236(98)00051-7",
url = "http://www.sciencedirect.com/science/article/pii/S0167923698000517",
author = "Mehdi Ghods and Kay M Nelson",
keywords = "Software quality, Software maintenance, Reusable software, Structured methods"
}
@incollection{ALLISON201391,
title = "5 - Collaborative collections",
editor = "Dee Ann Allison",
booktitle = "The Patron-Driven Library",
publisher = "Chandos Publishing",
pages = "91 - 117",
year = "2013",
series = "Chandos Information Professional Series",
isbn = "978-1-84334-736-1",
doi = "https://doi.org/10.1016/B978-1-84334-736-1.50005-2",
url = "http://www.sciencedirect.com/science/article/pii/B9781843347361500052",
author = "Dee Ann Allison",
keywords = "patron-driven acquisitions, evidenced-based selection, social media, consortia collections, negotiation, contracts, open source licensing"
}
@article{ALZOBAIDIE1988484,
title = "Use of metadata to drive the interaction between database and expert systems",
journal = "Information and Software Technology",
volume = "30",
number = "8",
pages = "484 - 496",
year = "1988",
issn = "0950-5849",
doi = "https://doi.org/10.1016/0950-5849(88)90145-0",
url = "http://www.sciencedirect.com/science/article/pii/0950584988901450",
author = "Ala Al-Zobaidie and Jane B Grimson",
keywords = "software development, databases, expert systems"
}
@article{CAPATINA2017125,
title = "Leveraging intellectual capital through Lewin's Force Field Analysis: The case of software development companies",
journal = "Journal of Innovation & Knowledge",
volume = "2",
number = "3",
pages = "125 - 133",
year = "2017",
issn = "2444-569X",
doi = "https://doi.org/10.1016/j.jik.2016.07.001",
url = "http://www.sciencedirect.com/science/article/pii/S2444569X16300075",
author = "Alexandru Capatina and Gianita Bleoju and Florinda Matos and Valter Vairinhos",
keywords = "Intellectual capital, Kurt Lewin, Force Field Analysis, Organizational change, Strategic intelligence, Software industry, Multidimensional scaling, Capital intelectual, Kurt Lewin, Análisis de campos de fuerzas, Cambiamiento organizacional, Inteligencia estratégica, Industria del software, Análisis multidimensional escalar"
}
@article{BROWNING201675,
title = "An assessment of the tsunami risk in Muscat and Salalah, Oman, based on estimations of probable maximum loss",
journal = "International Journal of Disaster Risk Reduction",
volume = "16",
pages = "75 - 87",
year = "2016",
issn = "2212-4209",
doi = "https://doi.org/10.1016/j.ijdrr.2016.02.002",
url = "http://www.sciencedirect.com/science/article/pii/S2212420915300881",
author = "John Browning and Neil Thomas",
keywords = "Tsunami hazard, Disaster risk reduction, Risk assessment, Open source GIS, Oman"
}
@article{MIURA20141644,
title = "A Text Selection Technique Using Word Snapping",
journal = "Procedia Computer Science",
volume = "35",
pages = "1644 - 1651",
year = "2014",
note = "Knowledge-Based and Intelligent Information & Engineering Systems 18th Annual Conference, KES-2014 Gdynia, Poland, September 2014 Proceedings",
issn = "1877-0509",
doi = "https://doi.org/10.1016/j.procs.2014.08.257",
url = "http://www.sciencedirect.com/science/article/pii/S1877050914012228",
author = "Motoki Miura and Kenji Saisho",
keywords = "Multi-touch screen, text-selection, copy-and-paste"
}
@article{HABERMANN1990105,
title = "Engineering large knowledge-based systems",
journal = "Data & Knowledge Engineering",
volume = "5",
number = "2",
pages = "105 - 117",
year = "1990",
issn = "0169-023X",
doi = "https://doi.org/10.1016/0169-023X(90)90007-Z",
url = "http://www.sciencedirect.com/science/article/pii/0169023X9090007Z",
author = "A.N. Habermann"
}
@article{GOLSANAMI201438,
title = "Estimating NMR T2 distribution data from well log data with the use of a committee machine approach: A case study from the Asmari formation in the Zagros Basin, Iran",
journal = "Journal of Petroleum Science and Engineering",
volume = "114",
pages = "38 - 51",
year = "2014",
issn = "0920-4105",
doi = "https://doi.org/10.1016/j.petrol.2013.12.003",
url = "http://www.sciencedirect.com/science/article/pii/S0920410513003513",
author = "Naser Golsanami and Ali Kadkhodaie-Ilkhchi and Yousef Sharghi and Mohsen Zeinali",
keywords = "NMR T data, Asmari formation, well logs, intelligent systems, committee machine, genetic algorithm"
}
@article{PREECE1994553,
title = "A taxonomy for combining software engineering and human-computer interaction measurement approaches: towards a common framework",
journal = "International Journal of Human-Computer Studies",
volume = "41",
number = "4",
pages = "553 - 583",
year = "1994",
issn = "1071-5819",
doi = "https://doi.org/10.1006/ijhc.1994.1073",
url = "http://www.sciencedirect.com/science/article/pii/S1071581984710731",
author = "Jenny Preece and H.Dieter Rombach"
}
@article{MILLET2013402,
title = "Toward a model-driven, alignment-oriented ERP methodology",
journal = "Computers in Industry",
volume = "64",
number = "4",
pages = "402 - 411",
year = "2013",
issn = "0166-3615",
doi = "https://doi.org/10.1016/j.compind.2013.01.004",
url = "http://www.sciencedirect.com/science/article/pii/S0166361513000067",
author = "Pierre-Alain Millet",
keywords = "ERP, Project methodology, System alignment, Enterprise engineering, Information system engineering"
}
@incollection{BAYSAL201573,
title = "Chapter 4 - Synthesizing Knowledge from Software Development Artifacts",
editor = "Christian Bird and Tim Menzies and Thomas Zimmermann",
booktitle = "The Art and Science of Analyzing Software Data",
publisher = "Morgan Kaufmann",
address = "Boston",
pages = "73 - 84",
year = "2015",
isbn = "978-0-12-411519-4",
doi = "https://doi.org/10.1016/B978-0-12-411519-4.00004-5",
url = "http://www.sciencedirect.com/science/article/pii/B9780124115194000045",
author = "Olga Baysal and Oleksii Kononenko and Reid Holmes and Michael W. Godfrey",
keywords = "Artifact lifecycle models, Patch lifecycles, Software development artifacts, Knowledge discovery, Decision-making"
}
@article{DIETRICH2003323,
title = "Rule-based agents for the semantic web",
journal = "Electronic Commerce Research and Applications",
volume = "2",
number = "4",
pages = "323 - 338",
year = "2003",
issn = "1567-4223",
doi = "https://doi.org/10.1016/S1567-4223(03)00041-3",
url = "http://www.sciencedirect.com/science/article/pii/S1567422303000413",
author = "J. Dietrich and A. Kozlenkov and M. Schroeder and G. Wagner",
keywords = "Agent architecture, Agent meta-interpreter, Reaction rules, Mandarax"
}
@article{BUYUKOZKAN201230,
title = "A new incomplete preference relations based approach to quality function deployment",
journal = "Information Sciences",
volume = "206",
pages = "30 - 41",
year = "2012",
issn = "0020-0255",
doi = "https://doi.org/10.1016/j.ins.2012.04.010",
url = "http://www.sciencedirect.com/science/article/pii/S0020025512002551",
author = "Gülçin Büyüközkan and Gizem Çifçi",
keywords = "Incomplete preference relations, Quality function deployment, House of quality, Group decision making, Fuzzy sets, Collaborative software development"
}
@article{PUJOL2016507,
title = "Using 3D Modeling Techniques to Enhance Teaching of Difficult Anatomical Concepts",
journal = "Academic Radiology",
volume = "23",
number = "4",
pages = "507 - 516",
year = "2016",
issn = "1076-6332",
doi = "https://doi.org/10.1016/j.acra.2015.12.012",
url = "http://www.sciencedirect.com/science/article/pii/S1076633216000167",
author = "Sonia Pujol and Michael Baldwin and Joshua Nassiri and Ron Kikinis and Kitt Shaffer",
keywords = "3D visualization, open-source software, anatomy"
}
@article{AHMAD201616,
title = "Software architectures for robotic systems: A systematic mapping study",
journal = "Journal of Systems and Software",
volume = "122",
pages = "16 - 39",
year = "2016",
issn = "0164-1212",
doi = "https://doi.org/10.1016/j.jss.2016.08.039",
url = "http://www.sciencedirect.com/science/article/pii/S0164121216301479",
author = "Aakash Ahmad and Muhammad Ali Babar",
keywords = "Software architecture, Robotic systems, Evidence-based software engineering, Software architecture for robotics, Systematic mapping study"
}
@article{ATALAG2014849,
title = "Evaluation of software maintainability with openEHR – a comparison of architectures",
journal = "International Journal of Medical Informatics",
volume = "83",
number = "11",
pages = "849 - 859",
year = "2014",
issn = "1386-5056",
doi = "https://doi.org/10.1016/j.ijmedinf.2014.07.006",
url = "http://www.sciencedirect.com/science/article/pii/S1386505614001415",
author = "Koray Atalag and Hong Yul Yang and Ewan Tempero and James R. Warren",
keywords = "Electronic health records, Software design, Standards, Software maintainability, EHR, Archetypes"
}
@article{GARCIAMAGARINO2016174,
title = "ATABS: A technique for automatically training agent-based simulators",
journal = "Simulation Modelling Practice and Theory",
volume = "66",
pages = "174 - 192",
year = "2016",
issn = "1569-190X",
doi = "https://doi.org/10.1016/j.simpat.2016.04.003",
url = "http://www.sciencedirect.com/science/article/pii/S1569190X15301647",
author = "Iván García-Magariño and Guillermo Palacios-Navarro",
keywords = "Agent-based simulator, Agent-oriented software engineering, Calibration, Random number generator, Multi-agent system, Variance reduction technique"
}
@article{BROUWERJANSE1987540,
title = "Design of an intelligent interface for software planning",
journal = "Information and Software Technology",
volume = "29",
number = "10",
pages = "540 - 547",
year = "1987",
issn = "0950-5849",
doi = "https://doi.org/10.1016/0950-5849(87)90087-5",
url = "http://www.sciencedirect.com/science/article/pii/0950584987900875",
author = "Maddy D Brouwer-Janse and Mitch Grunes",
keywords = "Software engineering, project management, AI"
}
@article{STAMELOS2000333,
title = "Knowledge based evaluation of software systems: a case study",
journal = "Information and Software Technology",
volume = "42",
number = "5",
pages = "333 - 345",
year = "2000",
issn = "0950-5849",
doi = "https://doi.org/10.1016/S0950-5849(99)00093-2",
url = "http://www.sciencedirect.com/science/article/pii/S0950584999000932",
author = "I. Stamelos and I. Vlahavas and I. Refanidis and A. Tsoukiàs",
keywords = "Automated software evaluation, Intelligent systems, Multiple criteria decision aid"
}
@article{PARTRIDGE1988146,
title = "Artificial intelligence and software engineering: a survey of possibilities",
journal = "Information and Software Technology",
volume = "30",
number = "3",
pages = "146 - 152",
year = "1988",
note = "The Software Life Cycle",
issn = "0950-5849",
doi = "https://doi.org/10.1016/0950-5849(88)90061-4",
url = "http://www.sciencedirect.com/science/article/pii/0950584988900614",
author = "Derek Partridge",
keywords = "software engineering, artificial intelligence, expert systems"
}
@article{LAL2017,
title = "Three-level learning for improving cross-project logging prediction for if-blocks",
journal = "Journal of King Saud University - Computer and Information Sciences",
year = "2017",
issn = "1319-1578",
doi = "https://doi.org/10.1016/j.jksuci.2017.07.006",
url = "http://www.sciencedirect.com/science/article/pii/S1319157817300307",
author = "Sangeeta Lal and Neetu Sardana and Ashish Sureka"
}
@article{KAWASHIMA1992269,
title = "On-Line Supervision System for Benzol Recovery Plant",
journal = "IFAC Proceedings Volumes",
volume = "25",
number = "4",
pages = "269 - 274",
year = "1992",
note = "IFAC Symposium on On-line Fault Detection and Supervision in the Chemical Process Industries, Newark, Delaware, 22-24 April",
issn = "1474-6670",
doi = "https://doi.org/10.1016/S1474-6670(17)50253-0",
url = "http://www.sciencedirect.com/science/article/pii/S1474667017502530",
author = "A. Kawashima and T. Sato and H. Ishiguro and S. Matsumura and Y. Naka",
keywords = "Chemical plant, Expert system, Fault detection, Optimizing control, Process models"
}
@article{SIAVVAS2017350,
title = "QATCH - An adaptive framework for software product quality assessment",
journal = "Expert Systems with Applications",
volume = "86",
pages = "350 - 366",
year = "2017",
issn = "0957-4174",
doi = "https://doi.org/10.1016/j.eswa.2017.05.060",
url = "http://www.sciencedirect.com/science/article/pii/S0957417417303883",
author = "Miltiadis G. Siavvas and Kyriakos C. Chatzidimitriou and Andreas L. Symeonidis",
keywords = "Software quality assessment, Software engineering, Multi-criteria decision making, Fuzzy analytic hierarchy process, Software static analysis, Quality metrics"
}
@article{ZHAO2007378,
title = "Pattern-based design evolution using graph transformation",
journal = "Journal of Visual Languages & Computing",
volume = "18",
number = "4",
pages = "378 - 398",
year = "2007",
note = "Visual Interactions in Software Artifacts",
issn = "1045-926X",
doi = "https://doi.org/10.1016/j.jvlc.2007.07.004",
url = "http://www.sciencedirect.com/science/article/pii/S1045926X07000407",
author = "Chunying Zhao and Jun Kong and Jing Dong and Kang Zhang",
keywords = "Design pattern, Graph transformation, Graph grammar, Visual language, Software evolution"
}
@article{AHMAD1988153,
title = "Expert systems for planning and controlling physical networks in the water industry",
journal = "Knowledge-Based Systems",
volume = "1",
number = "3",
pages = "153 - 165",
year = "1988",
issn = "0950-7051",
doi = "https://doi.org/10.1016/0950-7051(88)90073-1",
url = "http://www.sciencedirect.com/science/article/pii/0950705188900731",
author = "K. Ahmad and P.R. Holmes-Higgin and C.P.W. Hornsby and A.J. Langdon",
keywords = "expert system, WIESC, SERPES, WADNES, WIESSE, paper knowledge base, knowledge representation, reasoning strategies"
}
@article{MOHAMMEDALI2018126,
title = "Developing an agent-based simulation model of software evolution",
journal = "Information and Software Technology",
volume = "96",
pages = "126 - 140",
year = "2018",
issn = "0950-5849",
doi = "https://doi.org/10.1016/j.infsof.2017.11.013",
url = "http://www.sciencedirect.com/science/article/pii/S0950584917302677",
author = "Shallaw Mohammed Ali and Martina Doolan and Paul Wernick and Ed Wakelam",
keywords = "Software evolution, Simulation modelling, Agent-based simulation modelling, System evolution process"
}
@article{GIETZELT2012114,
title = "Arden2ByteCode: A one-pass Arden Syntax compiler for service-oriented decision support systems based on the OSGi platform",
journal = "Computer Methods and Programs in Biomedicine",
volume = "106",
number = "2",
pages = "114 - 125",
year = "2012",
note = "Design of Environments for Ageing",
issn = "0169-2607",
doi = "https://doi.org/10.1016/j.cmpb.2011.11.003",
url = "http://www.sciencedirect.com/science/article/pii/S0169260711003087",
author = "Matthias Gietzelt and Ursula Goltz and Daniel Grunwald and Malte Lochau and Michael Marschollek and Bianying Song and Klaus-Hendrik Wolf",
keywords = "Arden Syntax, Java Bytecode, Decision support, Knowledge based systems, Compiler, Service oriented architecture"
}
@article{FLENER1999141,
title = "Inductive synthesis of recursive logic programs: achievements and prospects",
journal = "The Journal of Logic Programming",
volume = "41",
number = "2",
pages = "141 - 195",
year = "1999",
issn = "0743-1066",
doi = "https://doi.org/10.1016/S0743-1066(99)00028-X",
url = "http://www.sciencedirect.com/science/article/pii/S074310669900028X",
author = "Pierre Flener and Serap Yilmaz",
keywords = "Inductive inference, Inductive logic programming, Recursion, Schemas"
}
@article{RAFIQUE20111071,
title = "Reusable software components for accelerator-based clusters",
journal = "Journal of Systems and Software",
volume = "84",
number = "7",
pages = "1071 - 1081",
year = "2011",
issn = "0164-1212",
doi = "https://doi.org/10.1016/j.jss.2010.09.050",
url = "http://www.sciencedirect.com/science/article/pii/S0164121211000677",
author = "M. Mustafa Rafique and Ali R. Butt and Eli Tilevich",
keywords = "Accelerator-based systems, Heterogeneous clusters, Reusable software components, Mixin-layers, High-performance computing"
}
@article{BARROS200421,
title = "Supporting risks in software project management",
journal = "Journal of Systems and Software",
volume = "70",
number = "1",
pages = "21 - 35",
year = "2004",
issn = "0164-1212",
doi = "https://doi.org/10.1016/S0164-1212(02)00155-3",
url = "http://www.sciencedirect.com/science/article/pii/S0164121202001553",
author = "Márcio de Oliveira Barros and Cláudia Maria Lima Werner and Guilherme Horta Travassos",
keywords = "Software project management, Risk analysis, Knowledge reuse and management, Empirical studies"
}
@article{TAHERIZADEH201819,
title = "Monitoring self-adaptive applications within edge computing frameworks: A state-of-the-art review",
journal = "Journal of Systems and Software",
volume = "136",
pages = "19 - 38",
year = "2018",
issn = "0164-1212",
doi = "https://doi.org/10.1016/j.jss.2017.10.033",
url = "http://www.sciencedirect.com/science/article/pii/S016412121730256X",
author = "Salman Taherizadeh and Andrew C. Jones and Ian Taylor and Zhiming Zhao and Vlado Stankovski",
keywords = "Edge computing, Cloud computing, Monitoring technologies, Requirement analysis, Adaptive applications, Taxonomy of monitoring requirements"
}
@article{DWAN200411,
title = "Open source vs closed",
journal = "Network Security",
volume = "2004",
number = "5",
pages = "11 - 13",
year = "2004",
issn = "1353-4858",
doi = "https://doi.org/10.1016/S1353-4858(04)00080-7",
url = "http://www.sciencedirect.com/science/article/pii/S1353485804000807",
author = "Berni Dwan"
}
@article{LAMPRECHT20151927,
title = "Scientific Workflows with XMDD: A Way to Use Process Modeling in Computational Science Education",
journal = "Procedia Computer Science",
volume = "51",
pages = "1927 - 1936",
year = "2015",
note = "International Conference On Computational Science, ICCS 2015",
issn = "1877-0509",
doi = "https://doi.org/10.1016/j.procs.2015.05.457",
url = "http://www.sciencedirect.com/science/article/pii/S187705091501265X",
author = "Anna-Lena Lamprecht and Tiziana Margaria",
keywords = "Process modeling, Scientific workflows, Computational science, Model-driven development"
}
@article{MAY1991177,
title = "A knowledge-based approach for improving information and decision making in a small business",
journal = "Information & Management",
volume = "21",
number = "3",
pages = "177 - 189",
year = "1991",
issn = "0378-7206",
doi = "https://doi.org/10.1016/0378-7206(91)90063-8",
url = "http://www.sciencedirect.com/science/article/pii/0378720691900638",
author = "Jerrold H. May and William E. Spangler and Richard E. Wendell and Hartmut U. Zaun",
keywords = "Decision Support Systems, Knowledge-based Systems, Systems Development, Production Management"
}
@article{KESS200249,
title = "Knowledge creation through a project review process in software production",
journal = "International Journal of Production Economics",
volume = "80",
number = "1",
pages = "49 - 55",
year = "2002",
note = "Innovation of Technology Management",
issn = "0925-5273",
doi = "https://doi.org/10.1016/S0925-5273(02)00242-6",
url = "http://www.sciencedirect.com/science/article/pii/S0925527302002426",
author = "P Kess and H Haapasalo",
keywords = "Knowledge, Review, Software production"
}
@article{HERRMANNSDORFER2010121,
title = "Library Concepts for Model Reuse",
journal = "Electronic Notes in Theoretical Computer Science",
volume = "253",
number = "7",
pages = "121 - 134",
year = "2010",
note = "Proceedings of the Ninth Workshop on Language Descriptions Tools and Applications (LDTA 2009)",
issn = "1571-0661",
doi = "https://doi.org/10.1016/j.entcs.2010.08.036",
url = "http://www.sciencedirect.com/science/article/pii/S1571066110001155",
author = "Markus Herrmannsdörfer and Benjamin Hummel",
keywords = "reuse, model library, model-based development"
}
@article{ALONSO199665,
title = "Software engineering and knowledge engineering: Towards a common life cycle",
journal = "Journal of Systems and Software",
volume = "33",
number = "1",
pages = "65 - 79",
year = "1996",
issn = "0164-1212",
doi = "https://doi.org/10.1016/0164-1212(95)00104-2",
url = "http://www.sciencedirect.com/science/article/pii/0164121295001042",
author = "F. Alonso and N. Juristo and J.L. Maté and J. Pazos"
}
@article{SANTOSNETO20151652,
title = "AutoRefactoring: A platform to build refactoring agents",
journal = "Expert Systems with Applications",
volume = "42",
number = "3",
pages = "1652 - 1664",
year = "2015",
issn = "0957-4174",
doi = "https://doi.org/10.1016/j.eswa.2014.09.022",
url = "http://www.sciencedirect.com/science/article/pii/S0957417414005612",
author = "Baldoino Fonseca dos Santos Neto and Márcio Ribeiro and Viviane Torres da Silva and Christiano Braga and Carlos José Pereira de Lucena and Evandro de Barros Costa",
keywords = "Autonomous agents, Software refactoring, Smells detection, Smells correction, Code quality"
}
@article{THOMAS199431,
title = "Knowledge-based inspection of electric lamp caps",
journal = "Engineering Applications of Artificial Intelligence",
volume = "7",
number = "1",
pages = "31 - 37",
year = "1994",
issn = "0952-1976",
doi = "https://doi.org/10.1016/0952-1976(94)90040-X",
url = "http://www.sciencedirect.com/science/article/pii/095219769490040X",
author = "A.D.H. Thomas and M.G. Rodd",
keywords = "Image processing, expert systems, automated visual inspection, efficiency, knowledge-based systems, software engineering"
}
@article{SINNIG200773,
title = "Towards a Common Semantic Foundation for Use Cases and Task Models",
journal = "Electronic Notes in Theoretical Computer Science",
volume = "183",
pages = "73 - 88",
year = "2007",
note = "Proceedings of the First International Workshop on Formal Methods for Interactive Systems (FMIS 2006)",
issn = "1571-0661",
doi = "https://doi.org/10.1016/j.entcs.2007.01.062",
url = "http://www.sciencedirect.com/science/article/pii/S157106610700429X",
author = "Daniel Sinnig and Patrice Chalin and Ferhat Khendek",
keywords = "Use Cases, Task Models, Scenarios, Semantics, Posets"
}
@article{UQUILLASGOMEZ2015376,
title = "Visually characterizing source code changes",
journal = "Science of Computer Programming",
volume = "98",
pages = "376 - 393",
year = "2015",
note = "Special Issue on Advances in Dynamic Languages",
issn = "0167-6423",
doi = "https://doi.org/10.1016/j.scico.2013.08.002",
url = "http://www.sciencedirect.com/science/article/pii/S0167642313001950",
author = "Verónica Uquillas Gómez and Stéphane Ducasse and Theo D’Hondt",
keywords = "Source code, Visualizations, Change understanding"
}
@article{BINOTTO20091423,
title = "Towards Dynamic Task Scheduling and Reconfiguration using an Aspect Oriented Approach applied on Real-time concerns of Industrial Systems",
journal = "IFAC Proceedings Volumes",
volume = "42",
number = "4",
pages = "1423 - 1428",
year = "2009",
note = "13th IFAC Symposium on Information Control Problems in Manufacturing",
issn = "1474-6670",
doi = "https://doi.org/10.3182/20090603-3-RU-2001.0465",
url = "http://www.sciencedirect.com/science/article/pii/S1474667016339970",
author = "Alécio Pedro Delazari Binotto and Edison Pignaton de Freitas and Carlos Eduardo Pereira and Tony Larsson",
keywords = "distributed systems, task scheduling/reconfiguration, aspect orientation, software engineering"
}
@article{ABHARY20091753,
title = "Some basic aspects of knowledge",
journal = "Procedia - Social and Behavioral Sciences",
volume = "1",
number = "1",
pages = "1753 - 1758",
year = "2009",
note = "World Conference on Educational Sciences: New Trends and Issues in Educational Sciences",
issn = "1877-0428",
doi = "https://doi.org/10.1016/j.sbspro.2009.01.310",
url = "http://www.sciencedirect.com/science/article/pii/S1877042809003139",
author = "K. Abhary and H.K. Adriansen and F. Begovac and D. Djukic and B. Qin and S. Spuzic and D. Wood and K. Xing",
keywords = "Ambiguity, Belief, Definition, Didactics, Discipline, Epistemology, Intention, Knowledge, Ontology, Sharing.Introduct"
}
@article{OROZCOARROYAVE2017,
title = "NeuroSpeech: An open-source software for Parkinson's speech analysis",
journal = "Digital Signal Processing",
year = "2017",
issn = "1051-2004",
doi = "https://doi.org/10.1016/j.dsp.2017.07.004",
url = "http://www.sciencedirect.com/science/article/pii/S105120041730146X",
author = "Juan Rafael Orozco-Arroyave and Juan Camilo Vásquez-Correa and Jesús Francisco Vargas-Bonilla and R. Arora and N. Dehak and P.S. Nidadavolu and H. Christensen and F. Rudzicz and M. Yancheva and H. Chinaei and A. Vann and N. Vogler and T. Bocklet and M. Cernak and J. Hannink and Elmar Nöth",
keywords = "Parkinson's disease, Dysarthria, Speech processing, Python, Software"
}
@article{GHARIANI2015161,
title = "An Ontology Based Benchmarking Platform for Public Transportation Control Systems",
journal = "IFAC-PapersOnLine",
volume = "48",
number = "3",
pages = "161 - 167",
year = "2015",
note = "15th IFAC Symposium onInformation Control Problems inManufacturing",
issn = "2405-8963",
doi = "https://doi.org/10.1016/j.ifacol.2015.06.075",
url = "http://www.sciencedirect.com/science/article/pii/S2405896315003146",
author = "Nesrine Ghariani and Sabeur Elkosantini and Saber Darmoul and Lamjed Ben Said",
keywords = "Benchmarking, ontology, performance indicators, scenario"
}
@article{FRIESE201392,
title = "Analysis of tomographic mineralogical data using YaDiV—Overview and practical case study",
journal = "Computers & Geosciences",
volume = "56",
pages = "92 - 103",
year = "2013",
issn = "0098-3004",
doi = "https://doi.org/10.1016/j.cageo.2013.01.021",
url = "http://www.sciencedirect.com/science/article/pii/S0098300413000356",
author = "Karl-Ingo Friese and Sarah B. Cichy and Franz-Erich Wolter and Roman E. Botcharnikov",
keywords = "3D, Segmentation, Visualization, Geology, Rock texture"
}
@article{GARCIAMAGARINO2014941,
title = "Towards the integration of the agent-oriented modeling diversity with a powertype-based language",
journal = "Computer Standards & Interfaces",
volume = "36",
number = "6",
pages = "941 - 952",
year = "2014",
issn = "0920-5489",
doi = "https://doi.org/10.1016/j.csi.2014.02.002",
url = "http://www.sciencedirect.com/science/article/pii/S0920548914000282",
author = "Iván García-Magariño",
keywords = "Agent-oriented software engineering, Agent-oriented modeling, Metamodel, Model-driven development, Multi-agent system"
}
@incollection{GOLDMAN2005185,
title = "Chapter 7 - Going with Open Source",
editor = "Ron Goldman and Richard P. Gabriel",
booktitle = "Innovation Happens Elsewhere",
publisher = "Morgan Kaufmann",
address = "San Francisco",
pages = "185 - 222",
year = "2005",
isbn = "978-1-55860-889-4",
doi = "https://doi.org/10.1016/B978-155860889-4/50009-4",
url = "http://www.sciencedirect.com/science/article/pii/B9781558608894500094",
author = "Ron Goldman and Richard P. Gabriel"
}
@article{MEEK201676,
title = "A BPMN solution for chaining OGC services to quality assure location-based crowdsourced data",
journal = "Computers & Geosciences",
volume = "87",
pages = "76 - 83",
year = "2016",
issn = "0098-3004",
doi = "https://doi.org/10.1016/j.cageo.2015.12.003",
url = "http://www.sciencedirect.com/science/article/pii/S0098300415300923",
author = "Sam Meek and Mike Jackson and Didier G Leibovici",
keywords = "Interoperability, Web processing service, Quality assurance, Crowdsourcing, Citizen science"
}