@article{ARAR2015263,
title = "Software defect prediction using cost-sensitive neural network",
journal = "Applied Soft Computing",
volume = "33",
pages = "263 - 277",
year = "2015",
issn = "1568-4946",
doi = "https://doi.org/10.1016/j.asoc.2015.04.045",
url = "http://www.sciencedirect.com/science/article/pii/S1568494615002720",
author = "Ömer Faruk Arar and Kürşat Ayan",
keywords = "Machine learning, Software defect prediction, Artificial Neural Network, Artificial Bee Colony, Software quality, Cost-sensitive classification"
}
@article{LI20132371,
title = "On evaluating commercial Cloud services: A systematic review",
journal = "Journal of Systems and Software",
volume = "86",
number = "9",
pages = "2371 - 2393",
year = "2013",
issn = "0164-1212",
doi = "https://doi.org/10.1016/j.jss.2013.04.021",
url = "http://www.sciencedirect.com/science/article/pii/S0164121213000915",
author = "Zheng Li and He Zhang and Liam O’Brien and Rainbow Cai and Shayne Flint",
keywords = "Cloud Computing, Cloud service evaluation, Systematic literature review"
}
@article{PALOMBO2009187,
title = "A numeric comparison of variable selection algorithms for supervised learning",
journal = "Nuclear Instruments and Methods in Physics Research Section A: Accelerators, Spectrometers, Detectors and Associated Equipment",
volume = "612",
number = "1",
pages = "187 - 195",
year = "2009",
issn = "0168-9002",
doi = "https://doi.org/10.1016/j.nima.2009.09.059",
url = "http://www.sciencedirect.com/science/article/pii/S0168900209018014",
author = "G. Palombo and I. Narsky",
keywords = "StatPatternRecognition, Machine learning, Data analysis, Variable selection, Classification"
}
@article{BERNAL20132840,
title = "An atomistic geometrical model of the B-DNA configuration for DNA–radiation interaction simulations",
journal = "Computer Physics Communications",
volume = "184",
number = "12",
pages = "2840 - 2847",
year = "2013",
issn = "0010-4655",
doi = "https://doi.org/10.1016/j.cpc.2013.07.015",
url = "http://www.sciencedirect.com/science/article/pii/S0010465513002439",
author = "M.A. Bernal and D. Sikansi and F. Cavalcante and S. Incerti and C. Champion and V. Ivanchenko and Z. Francis",
keywords = "B-DNA, Geometrical model, Atomistic model"
}
@article{BROWN200286,
title = "New Computational Approaches for Analysis of cis-Regulatory Networks",
journal = "Developmental Biology",
volume = "246",
number = "1",
pages = "86 - 102",
year = "2002",
issn = "0012-1606",
doi = "https://doi.org/10.1006/dbio.2002.0619",
url = "http://www.sciencedirect.com/science/article/pii/S0012160602906196",
author = "C.Titus Brown and Alistair G. Rust and Peter J.C. Clarke and Zhengjun Pan and Maria J. Schilstra and Tristan De Buysscher and Gareth Griffin and Barbara J. Wold and R.Andrew Cameron and Eric H. Davidson and Hamid Bolouri",
keywords = "sequence annotation, comparative analysis, macroarrays, gene network modeling, computational tools"
}
@article{PHILIPP2005115,
title = "Introducing DoT-U2—an XML-based knowledge supported checklist software for documentation of a newborn clinical screening examination",
journal = "Computer Methods and Programs in Biomedicine",
volume = "77",
number = "2",
pages = "115 - 120",
year = "2005",
issn = "0169-2607",
doi = "https://doi.org/10.1016/j.cmpb.2004.09.005",
url = "http://www.sciencedirect.com/science/article/pii/S0169260704001853",
author = "F. Philipp and M. Jantke and E. Finkeissen and B. Beedgen and O. Linderkamp and T. Wetter",
keywords = "Structured documentation, Neonate, Examination, Speech recognition, Java, Extensible Markup Language"
}
@article{MORCH2005177,
title = "An evolutionary approach to prototyping pedagogical agents: from simulation to integrated system",
journal = "Journal of Network and Computer Applications",
volume = "29",
number = "2",
pages = "177 - 199",
year = "2005",
note = "Innovations in agent collaboration",
issn = "1084-8045",
doi = "https://doi.org/10.1016/j.jnca.2004.10.002",
url = "http://www.sciencedirect.com/science/article/pii/S1084804504000657",
author = "Anders I. Mørch and Jan A. Dolonen and Jan Eirik B. Nævdal"
}
@incollection{BEVAN1995885,
title = "Human-Computer Interaction Standards",
editor = "Yuichiro Anzai and Katsuhiko Ogawa and Hirohiko Mori",
series = "Advances in Human Factors/Ergonomics",
publisher = "Elsevier",
volume = "20",
pages = "885 - 890",
year = "1995",
booktitle = "Symbiosis of Human and Artifact",
issn = "0921-2647",
doi = "https://doi.org/10.1016/S0921-2647(06)80326-6",
url = "http://www.sciencedirect.com/science/article/pii/S0921264706803266",
author = "Nigel Bevan"
}
@article{GOODFELLOW198587,
title = "Integra, an Input Translation Facility for Computer Aided Control Systems Engineering",
journal = "IFAC Proceedings Volumes",
volume = "18",
number = "8",
pages = "87 - 92",
year = "1985",
note = "3rd IFAC/IFIP Symposium on Computer Aided Design in Control and Engineering Systems: Advanced Tools for Modern Technology, Lyngby, Denmark, 31 July-2 August 1985",
issn = "1474-6670",
doi = "https://doi.org/10.1016/S1474-6670(17)60348-3",
url = "http://www.sciencedirect.com/science/article/pii/S1474667017603483",
author = "S.D. Goodfellow and N. Munro",
keywords = "Computer graphics, Computer software, Man-machine systems, Software engineering"
}
@article{OSNA201420,
title = "GeoFIS: An integrated tool for the assessment of landslide susceptibility",
journal = "Computers & Geosciences",
volume = "66",
pages = "20 - 30",
year = "2014",
issn = "0098-3004",
doi = "https://doi.org/10.1016/j.cageo.2013.12.016",
url = "http://www.sciencedirect.com/science/article/pii/S009830041400003X",
author = "Turgay Osna and Ebru Akcapinar Sezer and Aykut Akgun",
keywords = "Mamdani fuzzy inference system, Landslide susceptibility, Geographic information systems (GIS), Trabzon (Northern Turkey)"
}
@article{BOTTA2016684,
title = "Integration of Cloud computing and Internet of Things: A survey",
journal = "Future Generation Computer Systems",
volume = "56",
pages = "684 - 700",
year = "2016",
issn = "0167-739X",
doi = "https://doi.org/10.1016/j.future.2015.09.021",
url = "http://www.sciencedirect.com/science/article/pii/S0167739X15003015",
author = "Alessio Botta and Walter de Donato and Valerio Persico and Antonio Pescapé",
keywords = "Cloud computing, Internet of Things, Ubiquitous networks, Cloud of things, Pervasive applications, Smart city"
}
@article{FERRON201168,
title = "Analyzing collaborative networks emerging in Enterprise 2.0: the Taolin Platform",
journal = "Procedia - Social and Behavioral Sciences",
volume = "10",
pages = "68 - 78",
year = "2011",
note = "4th & 5th UK Social Networks Conferences",
issn = "1877-0428",
doi = "https://doi.org/10.1016/j.sbspro.2011.01.010",
url = "http://www.sciencedirect.com/science/article/pii/S1877042811000115",
author = "Michela Ferron and Paolo Massa and Francesca Odella",
keywords = "Enterprise 2.0, social networks, social interactions, work collaboration"
}
@article{LAKHOTIA20102379,
title = "An empirical investigation into branch coverage for C programs using CUTE and AUSTIN",
journal = "Journal of Systems and Software",
volume = "83",
number = "12",
pages = "2379 - 2391",
year = "2010",
note = "TAIC PART 2009 - Testing: Academic & Industrial Conference - Practice And Research Techniques",
issn = "0164-1212",
doi = "https://doi.org/10.1016/j.jss.2010.07.026",
url = "http://www.sciencedirect.com/science/article/pii/S0164121210001871",
author = "Kiran Lakhotia and Phil McMinn and Mark Harman",
keywords = "Automated test data generation, Search based testing, Concolic testing, Symbolic execution"
}
@article{LIU2001563,
title = "An XML-enabled data extraction toolkit for web sources",
journal = "Information Systems",
volume = "26",
number = "8",
pages = "563 - 583",
year = "2001",
note = "Data Extraction,Cleaning and Reconciliation",
issn = "0306-4379",
doi = "https://doi.org/10.1016/S0306-4379(01)00040-0",
url = "http://www.sciencedirect.com/science/article/pii/S0306437901000400",
author = "Ling Liu and Calton Pu and Wei Han",
keywords = "Information extraction, Internet data management, Program generation, XML, Wrappers, World Wide Web"
}
@article{THOMAS199331,
title = "The industrial use of formal methods",
journal = "Microprocessors and Microsystems",
volume = "17",
number = "1",
pages = "31 - 36",
year = "1993",
issn = "0141-9331",
doi = "https://doi.org/10.1016/0141-9331(93)90091-K",
url = "http://www.sciencedirect.com/science/article/pii/014193319390091K",
author = "Martyn Thomas",
keywords = "formal methods, safety-critical systems, software development"
}
@article{JACOME201663,
title = "BIOMedical Search Engine Framework: Lightweight and customized implementation of domain-specific biomedical search engines",
journal = "Computer Methods and Programs in Biomedicine",
volume = "131",
pages = "63 - 77",
year = "2016",
issn = "0169-2607",
doi = "https://doi.org/10.1016/j.cmpb.2016.03.030",
url = "http://www.sciencedirect.com/science/article/pii/S0169260715300560",
author = "Alberto G. Jácome and Florentino Fdez-Riverola and Anália Lourenço",
keywords = "Search engine framework, Biomedical literature, Vertical engine, Text mining, Web application"
}
@article{EBERT1996323,
title = "Fuzzy classification for software criticality analysis",
journal = "Expert Systems with Applications",
volume = "11",
number = "3",
pages = "323 - 342",
year = "1996",
issn = "0957-4174",
doi = "https://doi.org/10.1016/S0957-4174(96)00048-6",
url = "http://www.sciencedirect.com/science/article/pii/S0957417496000486",
author = "Christof Ebert"
}
@article{MEDELYAN2009716,
title = "Mining meaning from Wikipedia",
journal = "International Journal of Human-Computer Studies",
volume = "67",
number = "9",
pages = "716 - 754",
year = "2009",
issn = "1071-5819",
doi = "https://doi.org/10.1016/j.ijhcs.2009.05.004",
url = "http://www.sciencedirect.com/science/article/pii/S1071581909000561",
author = "Olena Medelyan and David Milne and Catherine Legg and Ian H. Witten",
keywords = "Wikipedia, Text mining, Wikipedia mining, NLP, Information retrieval, Information extraction, Ontologies, Semantic web"
}
@article{KHEIR1996147,
title = "Control systems engineering education",
journal = "Automatica",
volume = "32",
number = "2",
pages = "147 - 166",
year = "1996",
issn = "0005-1098",
doi = "https://doi.org/10.1016/0005-1098(96)85546-4",
url = "http://www.sciencedirect.com/science/article/pii/0005109896855464",
author = "N.A. Kheir and K.J. Åström and D. Auslander and K.C. Cheok and G.F. Franklin and M. Masten and M. Rabins",
keywords = "Education, analysis and design, software, experimentation and laboratories, academic programs"
}
@article{SUTCLIFFE1991631,
title = "Integrating methods of human-computer interface design with structured systems development",
journal = "International Journal of Man-Machine Studies",
volume = "34",
number = "5",
pages = "631 - 655",
year = "1991",
issn = "0020-7373",
doi = "https://doi.org/10.1016/0020-7373(91)90016-Z",
url = "http://www.sciencedirect.com/science/article/pii/002073739190016Z",
author = "A.G. Sutcliffe and M. McDermott"
}
@article{GALANTIOCCULTI1983195,
title = "A Practical Methodology for Safety Software Development, Verification & Validation",
journal = "IFAC Proceedings Volumes",
volume = "16",
number = "18",
pages = "195 - 196",
year = "1983",
note = "Third IFAC/IFIP Workshop on Safety of Computer Control Systems 1983 (SAFECOMP '83) Achieving Safe Real Time Computer Systems, Cambridge, UK, 20-22 September",
issn = "1474-6670",
doi = "https://doi.org/10.1016/S1474-6670(17)61782-8",
url = "http://www.sciencedirect.com/science/article/pii/S1474667017617828",
author = "R. Galanti Occulti and B. Massa and V. Siciliano and G.D. Viano",
keywords = "Nuclear reactors, safety systems, digital computer applications, software development methodology, software quality assurance, software verification, system validation"
}
@article{HERTZUM2003215,
title = "Making use of scenarios: a field study of conceptual design",
journal = "International Journal of Human-Computer Studies",
volume = "58",
number = "2",
pages = "215 - 239",
year = "2003",
issn = "1071-5819",
doi = "https://doi.org/10.1016/S1071-5819(02)00138-6",
url = "http://www.sciencedirect.com/science/article/pii/S1071581902001386",
author = "Morten Hertzum",
keywords = "Conceptual design, Design artefacts, Scenarios, Task-based descriptions, Empirical studies"
}
@article{COLDWELL1995305,
title = "Artificial intelligence and mute autistic children",
journal = "Journal of Microcomputer Applications",
volume = "18",
number = "4",
pages = "305 - 311",
year = "1995",
issn = "0745-7138",
doi = "https://doi.org/10.1016/S0745-7138(05)80029-6",
url = "http://www.sciencedirect.com/science/article/pii/S0745713805800296",
author = "Dr Coldwell"
}
@article{HARTMANN20132313,
title = "Using MDA for integration of heterogeneous components in software supply chains",
journal = "Science of Computer Programming",
volume = "78",
number = "12",
pages = "2313 - 2330",
year = "2013",
note = "Special Section on International Software Product Line Conference 2010 and Fundamentals of Software Engineering (selected papers of FSEN 2011)",
issn = "0167-6423",
doi = "https://doi.org/10.1016/j.scico.2012.04.004",
url = "http://www.sciencedirect.com/science/article/pii/S0167642312000688",
author = "Herman Hartmann and Mila Keren and Aart Matsinger and Julia Rubin and Tim Trew and Tali Yatzkar-Haham",
keywords = "Software product line engineering, Software supply chains, Model driven engineering, Component technology, Resource constrained products, Software integration"
}
@article{ALETI2015343,
title = "Test data generation with a Kalman filter-based adaptive genetic algorithm",
journal = "Journal of Systems and Software",
volume = "103",
pages = "343 - 352",
year = "2015",
issn = "0164-1212",
doi = "https://doi.org/10.1016/j.jss.2014.11.035",
url = "http://www.sciencedirect.com/science/article/pii/S0164121214002660",
author = "Aldeida Aleti and Lars Grunske",
keywords = "Test data generation, Optimisation, Adaptive parameter control"
}
@article{ZAJICEK2004411,
title = "Successful and available: interface design exemplars for older users",
journal = "Interacting with Computers",
volume = "16",
number = "3",
pages = "411 - 430",
year = "2004",
note = "Universal Usability Revisited",
issn = "0953-5438",
doi = "https://doi.org/10.1016/j.intcom.2004.04.003",
url = "http://www.sciencedirect.com/science/article/pii/S0953543804000402",
author = "Mary Zajicek",
keywords = "Speech output, Older people, Interface design patterns, Interface design methodology, Research output"
}
@article{HEYM1993345,
title = "Computer-aided methodology engineering",
journal = "Information and Software Technology",
volume = "35",
number = "6",
pages = "345 - 354",
year = "1993",
note = "Software Process Modelling in Practice",
issn = "0950-5849",
doi = "https://doi.org/10.1016/0950-5849(93)90005-N",
url = "http://www.sciencedirect.com/science/article/pii/095058499390005N",
author = "M Heym and H Österle",
keywords = "computer-aided methodology engineering, information systems development, project management"
}
@article{ZANGENEHPOUR2015161,
title = "Automated classification based on video data at intersections with heavy pedestrian and bicycle traffic: Methodology and application",
journal = "Transportation Research Part C: Emerging Technologies",
volume = "56",
pages = "161 - 176",
year = "2015",
issn = "0968-090X",
doi = "https://doi.org/10.1016/j.trc.2015.04.003",
url = "http://www.sciencedirect.com/science/article/pii/S0968090X15001448",
author = "Sohail Zangenehpour and Luis F. Miranda-Moreno and Nicolas Saunier",
keywords = "Traffic data collection, Video analysis, Object classification, Object tracking, Road safety"
}
@article{FILTER2016105,
title = "Towards Community Driven Food Safety Model Repositories",
journal = "Procedia Food Science",
volume = "7",
pages = "105 - 108",
year = "2016",
note = "9th International Conference on Predictive Modelling in Food",
issn = "2211-601X",
doi = "https://doi.org/10.1016/j.profoo.2016.02.098",
url = "http://www.sciencedirect.com/science/article/pii/S2211601X16000997",
author = "Matthias Filter and Carolina Plaza-Rodríguez and Christian Thoens and Annemarie Kaesbohrer and Bernd Appel",
keywords = "Data formats, Model repository, Standards, Food safety, PMF-ML, openFSMR"
}
@article{VITHARANA2000297,
title = "Research issues in testing business components",
journal = "Information & Management",
volume = "37",
number = "6",
pages = "297 - 309",
year = "2000",
issn = "0378-7206",
doi = "https://doi.org/10.1016/S0378-7206(99)00056-7",
url = "http://www.sciencedirect.com/science/article/pii/S0378720699000567",
author = "Padmal Vitharana and Hemant Jain",
keywords = "Business components, Object-oriented, Software testing, Reuse, Component assembly"
}
@article{SCHEER1994607,
title = "ARIS Toolset: A software product is born",
journal = "Information Systems",
volume = "19",
number = "8",
pages = "607 - 624",
year = "1994",
issn = "0306-4379",
doi = "https://doi.org/10.1016/0306-4379(94)90031-0",
url = "http://www.sciencedirect.com/science/article/pii/0306437994900310",
author = "August-Wilhelm Scheer"
}
@article{TEIXEIRA2012160,
title = "User-centered requirements engineering in health information systems: A study in the hemophilia field",
journal = "Computer Methods and Programs in Biomedicine",
volume = "106",
number = "3",
pages = "160 - 174",
year = "2012",
issn = "0169-2607",
doi = "https://doi.org/10.1016/j.cmpb.2010.10.007",
url = "http://www.sciencedirect.com/science/article/pii/S0169260710002695",
author = "Leonor Teixeira and Carlos Ferreira and Beatriz Sousa Santos",
keywords = "Health information systems, Requirements engineering, User-centered design, Human-factor engineering system, Triangulation matrix, Hemophilia"
}
@article{GELBARD2002461,
title = "Integrating system analysis and project management tools",
journal = "International Journal of Project Management",
volume = "20",
number = "6",
pages = "461 - 468",
year = "2002",
issn = "0263-7863",
doi = "https://doi.org/10.1016/S0263-7863(01)00044-8",
url = "http://www.sciencedirect.com/science/article/pii/S0263786301000448",
author = "Roy Gelbard and Nava Pliskin and Israel Spiegler",
keywords = "Software engineering, System analysis and design, Project management, Data Flow Diagram (DFD), Gantt diagram, Pert diagram, Information System Life Cycle (ISLC)"
}
@article{GROSS2010760,
title = "Environmental chemistry through intelligent atmospheric data analysis",
journal = "Environmental Modelling & Software",
volume = "25",
number = "6",
pages = "760 - 769",
year = "2010",
issn = "1364-8152",
doi = "https://doi.org/10.1016/j.envsoft.2009.12.001",
url = "http://www.sciencedirect.com/science/article/pii/S1364815209003041",
author = "Deborah S. Gross and Robert Atlas and Jeffrey Rzeszotarski and Emma Turetsky and Janara Christensen and Sami Benzaid and Jamie Olson and Thomas Smith and Leah Steinberg and Jon Sulman and Anna Ritz and Benjamin Anderson and Catherine Nelson and David R. Musicant and Lei Chen and David C. Snyder and James J. Schauer",
keywords = "Mass spectrometry, Clustering, Aerosol particle, Data mining, Database design, Data and knowledge visualization, User interfaces"
}
@article{INAYAT20151367,
title = "A framework to study requirements-driven collaboration among agile teams: Findings from two case studies",
journal = "Computers in Human Behavior",
volume = "51",
pages = "1367 - 1379",
year = "2015",
note = "Computing for Human Learning, Behaviour and Collaboration in the Social and Mobile Networks Era",
issn = "0747-5632",
doi = "https://doi.org/10.1016/j.chb.2014.10.040",
url = "http://www.sciencedirect.com/science/article/pii/S0747563214005639",
author = "Irum Inayat and Siti Salwah Salim",
keywords = "Agile methods, Collaboration, Distributed agile teams, Requirements-driven collaboration, Communication and awareness"
}
@article{MIDOGLU1987113,
title = "Software Development and on Line Tests of a Microprocessor Based Automatic Start Up System for a Fluidized Bed Lignite Combustor",
journal = "IFAC Proceedings Volumes",
volume = "20",
number = "4",
pages = "113 - 116",
year = "1987",
note = "IFAC Symposium on Microcomputer Application in Process Control, Istanbul, Turkey, 22-25 July 1986",
issn = "1474-6670",
doi = "https://doi.org/10.1016/S1474-6670(17)55839-5",
url = "http://www.sciencedirect.com/science/article/pii/S1474667017558395",
author = "H. Midoğlu and E. Tulunay",
keywords = "Fluidized bed combustion, automatic start up, heat systems, control engineering computer applications, microprocessors, multitasking, computer control"
}
@article{WRIGHT2008962,
title = "SANDS: A service-oriented architecture for clinical decision support in a National Health Information Network",
journal = "Journal of Biomedical Informatics",
volume = "41",
number = "6",
pages = "962 - 981",
year = "2008",
issn = "1532-0464",
doi = "https://doi.org/10.1016/j.jbi.2008.03.001",
url = "http://www.sciencedirect.com/science/article/pii/S1532046408000373",
author = "Adam Wright and Dean F. Sittig",
keywords = "Medical records systems, Computerized decision support systems, Clinical decision making, Computer-assisted decision support techniques, Hospital information systems, Computer communication networks/standards, Information systems/organization & administration/standards, Systems integration"
}
@article{GAO201565,
title = "The status, challenges, and future of additive manufacturing in engineering",
journal = "Computer-Aided Design",
volume = "69",
pages = "65 - 89",
year = "2015",
issn = "0010-4485",
doi = "https://doi.org/10.1016/j.cad.2015.04.001",
url = "http://www.sciencedirect.com/science/article/pii/S0010448515000469",
author = "Wei Gao and Yunbo Zhang and Devarajan Ramanujan and Karthik Ramani and Yong Chen and Christopher B. Williams and Charlie C.L. Wang and Yung C. Shin and Song Zhang and Pablo D. Zavattieri",
keywords = "Additive manufacturing, 3D printing, Maker Movement, Topology optimization, Open-source machine, Intellectual property"
}
@incollection{2001303,
title = "Chapter 10 - Integrating Web Clipping with Palm OS Applications",
editor = "Ben Combee and R. Eric Lyons and David C. Matthews and Rory Lysaght",
booktitle = "Palm OS Web Application Developer's Guide",
publisher = "Syngress",
address = "Burlington",
pages = "303 - 367",
year = "2001",
isbn = "978-1-928994-32-9",
doi = "https://doi.org/10.1016/B978-192899432-9/50016-6",
url = "http://www.sciencedirect.com/science/article/pii/B9781928994329500166"
}
@article{KUSUMOTO1996119,
title = "Experimental evaluation of time allocation procedure for technical reviews",
journal = "Journal of Systems and Software",
volume = "35",
number = "2",
pages = "119 - 126",
year = "1996",
note = "Software reliability issues",
issn = "0164-1212",
doi = "https://doi.org/10.1016/0164-1212(95)00091-7",
url = "http://www.sciencedirect.com/science/article/pii/0164121295000917",
author = "Shinji Kusumoto and Tohru Kikuno and Ken-ichi Matsumoto and Koji Torii"
}
@article{ZHU1996143,
title = "HaRTS: Performance-based design of distributed hard real-time software",
journal = "Journal of Systems and Software",
volume = "32",
number = "2",
pages = "143 - 156",
year = "1996",
issn = "0164-1212",
doi = "https://doi.org/10.1016/0164-1212(94)00066-2",
url = "http://www.sciencedirect.com/science/article/pii/0164121294000662",
author = "Jiang Zhu and T.G. Lewis and Lihua Zhao and Weldon Jackson and Russel L. Wilson"
}
@incollection{RITTINGHOUSE2004163,
title = "10 - Project Wizardry 101",
editor = "John W. Rittinghouse",
booktitle = "Managing Software Deliverables",
publisher = "Digital Press",
address = "Burlington",
pages = "163 - 203",
year = "2004",
isbn = "978-1-55558-313-2",
doi = "https://doi.org/10.1016/B978-155558313-2/50013-3",
url = "http://www.sciencedirect.com/science/article/pii/B9781555583132500133",
author = "John W. Rittinghouse"
}
@article{SCHLUMBERGER1994263,
title = "Software developments for industrial research",
journal = "Future Generation Computer Systems",
volume = "10",
number = "2",
pages = "263 - 267",
year = "1994",
note = "High Performance Computing and Networking (HPCN)",
issn = "0167-739X",
doi = "https://doi.org/10.1016/0167-739X(94)90026-4",
url = "http://www.sciencedirect.com/science/article/pii/0167739X94900264",
author = "Maurice Schlumberger",
keywords = "Information mining, Simulation, Knowledge engineering, Process support"
}
@article{YIN201648,
title = "Long-term outcomes of patients with esthesioneuroblastomas: A cohort from a single institution",
journal = "Oral Oncology",
volume = "53",
pages = "48 - 53",
year = "2016",
issn = "1368-8375",
doi = "https://doi.org/10.1016/j.oraloncology.2015.11.021",
url = "http://www.sciencedirect.com/science/article/pii/S1368837515003991",
author = "Zhen-zhen Yin and Li Gao and Jing-wei Luo and Jun-lin Yi and Xiao-dong Huang and Yuan Qu and Kai Wang and Shi-ping Zhang and Jian-ping Xiao and Guo-zhen Xu and Ye-xiong Li",
keywords = "Esthesioneuroblastoma, Olfactory neuroblastoma, Treatment modality, Outcomes"
}
@article{YOO2005287,
title = "Synthesis of FBD-based PLC design from NuSCR formal specification",
journal = "Reliability Engineering & System Safety",
volume = "87",
number = "2",
pages = "287 - 294",
year = "2005",
issn = "0951-8320",
doi = "https://doi.org/10.1016/j.ress.2004.05.005",
url = "http://www.sciencedirect.com/science/article/pii/S0951832004001279",
author = "Junbeom Yoo and Sungdeok Cha and Chang Hwoi Kim and Duck Yong Song",
keywords = "Formal requirements specification, Design specification, PLC, FBD, Nuclear power plant controller"
}
@article{LEHNER198938,
title = "The software life cycle in computer applications",
journal = "Long Range Planning",
volume = "22",
number = "5",
pages = "38 - 50",
year = "1989",
issn = "0024-6301",
doi = "https://doi.org/10.1016/0024-6301(89)90167-2",
url = "http://www.sciencedirect.com/science/article/pii/0024630189901672",
author = "Franz Lehner"
}
@article{MEYER2007396,
title = "A web information system for the management and the dissemination of Cultural Heritage data",
journal = "Journal of Cultural Heritage",
volume = "8",
number = "4",
pages = "396 - 411",
year = "2007",
issn = "1296-2074",
doi = "https://doi.org/10.1016/j.culher.2007.07.003",
url = "http://www.sciencedirect.com/science/article/pii/S1296207407001069",
author = "Élise Meyer and Pierre Grussenmeyer and Jean-Pierre Perrin and Anne Durand and Pierre Drap",
keywords = "Database, Information system, Data management, Internet, Cultural heritage, Archaeology"
}
@article{CHA200311,
title = "Systematic evaluation of fault trees using real-time model checker UPPAAL",
journal = "Reliability Engineering & System Safety",
volume = "82",
number = "1",
pages = "11 - 20",
year = "2003",
issn = "0951-8320",
doi = "https://doi.org/10.1016/S0951-8320(03)00059-0",
url = "http://www.sciencedirect.com/science/article/pii/S0951832003000590",
author = "Sungdeok Cha and Hanseong Son and Junbeom Yoo and Eunkyung Jee and Poong Hyun Seong",
keywords = "Software engineering, Formal methods, Fault tree analysis, Model checking"
}
@article{LI20081137,
title = "Electronic design automation using a unified optimization framework",
journal = "Mathematics and Computers in Simulation",
volume = "79",
number = "4",
pages = "1137 - 1152",
year = "2008",
note = "5th Vienna International Conference on Mathematical Modelling/Workshop on Scientific Computing in Electronic Engineering of the 2006 International Conference on Computational Science/Structural Dynamical Systems: Computational Aspects",
issn = "0378-4754",
doi = "https://doi.org/10.1016/j.matcom.2007.11.001",
url = "http://www.sciencedirect.com/science/article/pii/S0378475407003126",
author = "Yiming Li and Shao-Ming Yu and Yih-Lang Li",
keywords = "Biological inspired techniques, Deterministic method, Design automation, Simulation-based optimization"
}
@article{CANOVASIZQUIERDO2012257,
title = "API2MoL: Automating the building of bridges between APIs and Model-Driven Engineering",
journal = "Information and Software Technology",
volume = "54",
number = "3",
pages = "257 - 273",
year = "2012",
issn = "0950-5849",
doi = "https://doi.org/10.1016/j.infsof.2011.09.006",
url = "http://www.sciencedirect.com/science/article/pii/S0950584911001984",
author = "Javier Luis Cánovas Izquierdo and Frédéric Jouault and Jordi Cabot and Jesús García Molina",
keywords = "Application Programming Interface, Model-Driven Engineering, Domain-Specific Languages"
}
@article{PANACH2015338,
title = "A framework to identify primitives that represent usability within Model-Driven Development methods",
journal = "Information and Software Technology",
volume = "58",
pages = "338 - 354",
year = "2015",
issn = "0950-5849",
doi = "https://doi.org/10.1016/j.infsof.2014.07.002",
url = "http://www.sciencedirect.com/science/article/pii/S0950584914001566",
author = "Jose Ignacio Panach and Natalia Juristo and Francisco Valverde and Óscar Pastor",
keywords = "Model-Driven Development, Usability, Conceptual model"
}
@incollection{MIDOGLU1987113,
title = "SOFTWARE DEVELOPMENT AND ON LINE TESTS OF A MICROPROCESSOR BASED AUTOMATIC START UP SYSTEM FOR A FLUIDIZED BED LIGNITE COMBUSTOR",
editor = "E. ADALI and F. TUNALI",
booktitle = "Microcomputer Application in Process Control",
publisher = "Pergamon",
address = "Oxford",
pages = "113 - 116",
year = "1987",
series = "IFAC Symposia Series",
isbn = "978-0-08-034340-2",
doi = "https://doi.org/10.1016/B978-0-08-034340-2.50023-6",
url = "http://www.sciencedirect.com/science/article/pii/B9780080343402500236",
author = "H. Midoğlu and E. Tulunay"
}
@article{MIRON201528,
title = "GEMSFITS: Code package for optimization of geochemical model parameters and inverse modeling",
journal = "Applied Geochemistry",
volume = "55",
pages = "28 - 45",
year = "2015",
note = "Geochemical Speciation Codes and Databases",
issn = "0883-2927",
doi = "https://doi.org/10.1016/j.apgeochem.2014.10.013",
url = "http://www.sciencedirect.com/science/article/pii/S088329271400256X",
author = "George D. Miron and Dmitrii A. Kulik and Svitlana V. Dmytrieva and Thomas Wagner"
}
@article{LAMY201711,
title = "Owlready: Ontology-oriented programming in Python with automatic classification and high level constructs for biomedical ontologies",
journal = "Artificial Intelligence in Medicine",
volume = "80",
pages = "11 - 28",
year = "2017",
issn = "0933-3657",
doi = "https://doi.org/10.1016/j.artmed.2017.07.002",
url = "http://www.sciencedirect.com/science/article/pii/S0933365717300271",
author = "Jean-Baptiste Lamy",
keywords = "Semantic web, Ontology-oriented programming, Automatic classification, Local closed world reasoning, Biomedical ontology, OWL"
}
@incollection{20021,
title = "Chapter 1 - The .NET Philosophy",
editor = "Brian Bagnall and Philip Chen and Stephen Goldberg and Jeremy Fairdoth and Harold Cabrera",
booktitle = "C# For Java Programmers",
publisher = "Syngress",
address = "Burlington",
pages = "1 - 25",
year = "2002",
isbn = "978-1-931836-54-8",
doi = "https://doi.org/10.1016/B978-193183654-8/50005-0",
url = "http://www.sciencedirect.com/science/article/pii/B9781931836548500050"
}
@article{ALONSO199295,
title = "Implementing Mode Changes and Fault Recovery for Hard Real-Time Systems in ADA",
journal = "IFAC Proceedings Volumes",
volume = "25",
number = "11",
pages = "95 - 100",
year = "1992",
note = "IFAC Workshop on Real Time Programming (WRTP'92), Bruges, Belgium, 23-26 June 1992",
issn = "1474-6670",
doi = "https://doi.org/10.1016/S1474-6670(17)50130-5",
url = "http://www.sciencedirect.com/science/article/pii/S1474667017501305",
author = "Alejandro Alonso and Juan A. de la Puente",
keywords = "Computer software, real-time computer systems, fault tolerance, aerospace computer systems, software engineering, Ada"
}
@article{MAIDEN1991780,
title = "Saving reuse from the noose: reuse of analogous specifications through human involvement in reuse process",
journal = "Information and Software Technology",
volume = "33",
number = "10",
pages = "780 - 790",
year = "1991",
issn = "0950-5849",
doi = "https://doi.org/10.1016/0950-5849(91)90051-C",
url = "http://www.sciencedirect.com/science/article/pii/095058499190051C",
author = "N.A.M. Maiden",
keywords = "software reuse, specifications, software tools, requirements, analysis, analogy"
}
@article{SANTHOSHKUMAR19991169,
title = "A pre-run-time scheduling algorithm for object-based distributed real-time systems",
journal = "Journal of Systems Architecture",
volume = "45",
number = "14",
pages = "1169 - 1188",
year = "1999",
issn = "1383-7621",
doi = "https://doi.org/10.1016/S1383-7621(98)00031-9",
url = "http://www.sciencedirect.com/science/article/pii/S1383762198000319",
author = "I Santhoshkumar and G Manimaran and C Siva Ram Murthy",
keywords = "Object-based task, ARPC, Clustering, Scheduling, Cloning, Distributed system, Real-time system"
}
@article{NICOLAIDOU2013404,
title = "E-portfolios supporting primary students' writing performance and peer feedback",
journal = "Computers & Education",
volume = "68",
pages = "404 - 415",
year = "2013",
issn = "0360-1315",
doi = "https://doi.org/10.1016/j.compedu.2013.06.004",
url = "http://www.sciencedirect.com/science/article/pii/S0360131513001553",
author = "Iolie Nicolaidou",
keywords = "E-portfolios, Writing performance, Peer feedback, Elementary education, Pedagogical issues"
}
@article{PISTOFIDIS2012133,
title = "Developing Advanced Context Aware Tools for Mobile Maintenance",
journal = "IFAC Proceedings Volumes",
volume = "45",
number = "31",
pages = "133 - 138",
year = "2012",
note = "2nd IFAC Workshop on Advanced Maintenance Engineering, Services and Technology",
issn = "1474-6670",
doi = "https://doi.org/10.3182/20121122-2-ES-4026.00021",
url = "http://www.sciencedirect.com/science/article/pii/S1474667015339082",
author = "P. Pistofidis and C. Emmanouilidis",
keywords = "Context Awareness, Condition Monitoring, Software Engineering, Mobile Maintenance."
}
@article{KOZACZYNSKI1991675,
title = "BAL/SRW: Assembler re-engineering workbench",
journal = "Information and Software Technology",
volume = "33",
number = "9",
pages = "675 - 684",
year = "1991",
note = "CASE (computer-aided software engineering)",
issn = "0950-5849",
doi = "https://doi.org/10.1016/0950-5849(91)90041-9",
url = "http://www.sciencedirect.com/science/article/pii/0950584991900419",
author = "W Kozaczynski and ES Liongosari and JQ Ning",
keywords = "software re-engineering, software maintenance, Assembler, program analysis, workbenches"
}
@article{WU2015111,
title = "Cellpath: Fusion of cellular and traffic sensor data for route flow estimation via convex optimization",
journal = "Transportation Research Part C: Emerging Technologies",
volume = "59",
pages = "111 - 128",
year = "2015",
note = "Special Issue on International Symposium on Transportation and Traffic Theory",
issn = "0968-090X",
doi = "https://doi.org/10.1016/j.trc.2015.05.004",
url = "http://www.sciencedirect.com/science/article/pii/S0968090X15001758",
author = "Cathy Wu and Jérôme Thai and Steve Yadlowsky and Alexei Pozdnoukhov and Alexandre Bayen",
keywords = "Route flow estimation, Cellular network data, Convex optimization, Traffic assignment, Simplex constraints, Isotonic regression"
}
@article{CASE2008S65,
title = "FACE: Automated digital evidence discovery and correlation",
journal = "Digital Investigation",
volume = "5",
pages = "S65 - S75",
year = "2008",
note = "The Proceedings of the Eighth Annual DFRWS Conference",
issn = "1742-2876",
doi = "https://doi.org/10.1016/j.diin.2008.05.008",
url = "http://www.sciencedirect.com/science/article/pii/S1742287608000340",
author = "Andrew Case and Andrew Cristina and Lodovico Marziale and Golden G. Richard and Vassil Roussev",
keywords = "Memory analysis, Physical memory, Digital forensics, Evidence correlation, Disk image, Network capture, Log file, Forensics tool"
}
@article{HALANG198971,
title = "Education of real-time systems engineers",
journal = "Microprocessing and Microprogramming",
volume = "25",
number = "1",
pages = "71 - 75",
year = "1989",
issn = "0165-6074",
doi = "https://doi.org/10.1016/0165-6074(89)90176-2",
url = "http://www.sciencedirect.com/science/article/pii/0165607489901762",
author = "W.A. Halang"
}
@article{XIA2015113,
title = "Synthesis of a high resolution social contact network for Delhi with application to pandemic planning",
journal = "Artificial Intelligence in Medicine",
volume = "65",
number = "2",
pages = "113 - 130",
year = "2015",
note = "Intelligent healthcare informatics in big data era",
issn = "0933-3657",
doi = "https://doi.org/10.1016/j.artmed.2015.06.003",
url = "http://www.sciencedirect.com/science/article/pii/S0933365715000822",
author = "Huadong Xia and Kalyani Nagaraj and Jiangzhuo Chen and Madhav V. Marathe",
keywords = "Networked-epidemiology, Synthetic population, Imputation techniques, Iterative proportional fitting, Labeled graphlets, Pandemic response, Targeted-layered containment"
}
@article{COSTA2015239,
title = "A Scientific Software Product Line for the Bioinformatics domain",
journal = "Journal of Biomedical Informatics",
volume = "56",
pages = "239 - 264",
year = "2015",
issn = "1532-0464",
doi = "https://doi.org/10.1016/j.jbi.2015.05.014",
url = "http://www.sciencedirect.com/science/article/pii/S1532046415000945",
author = "Gabriella Castro B. Costa and Regina Braga and José Maria N. David and Fernanda Campos",
keywords = "Scientific workflow, Sequence alignment, Software Product Line, Ontology, Feature model"
}
@article{SURKA2014648,
title = "Evaluating the use of mobile phone technology to enhance cardiovascular disease screening by community health workers",
journal = "International Journal of Medical Informatics",
volume = "83",
number = "9",
pages = "648 - 654",
year = "2014",
issn = "1386-5056",
doi = "https://doi.org/10.1016/j.ijmedinf.2014.06.008",
url = "http://www.sciencedirect.com/science/article/pii/S1386505614001099",
author = "Sam Surka and Sisira Edirippulige and Krisela Steyn and Thomas Gaziano and Thandi Puoane and Naomi Levitt",
keywords = "mHealth, Community health workers, Cardiovascular disease risk assessment, Task-shifting, Mobile phones"
}
@article{TU2001138,
title = "The integrated approach and its applications",
journal = "Clinical Acupuncture and Oriental Medicine",
volume = "2",
number = "3",
pages = "138 - 145",
year = "2001",
issn = "1461-1449",
doi = "https://doi.org/10.1054/caom.2001.0090",
url = "http://www.sciencedirect.com/science/article/pii/S1461144901900908",
author = "Jiangru Tu and Angela Tu and Shengru Tu"
}
@article{CERRILLOCUENCA2015197,
title = "An assessment of methods for the digital enhancement of rock paintings: the rock art from the precordillera of Arica (Chile) as a case study",
journal = "Journal of Archaeological Science",
volume = "55",
pages = "197 - 208",
year = "2015",
issn = "0305-4403",
doi = "https://doi.org/10.1016/j.jas.2015.01.006",
url = "http://www.sciencedirect.com/science/article/pii/S0305440315000199",
author = "Enrique Cerrillo-Cuenca and Marcela Sepúlveda",
keywords = "Rock art paintings, Digital methods, Statistics, Principal components analysis, Decorrelation of images"
}
@article{SUTTER20151,
title = "VIDE: The Void IDentification and Examination toolkit",
journal = "Astronomy and Computing",
volume = "9",
pages = "1 - 9",
year = "2015",
issn = "2213-1337",
doi = "https://doi.org/10.1016/j.ascom.2014.10.002",
url = "http://www.sciencedirect.com/science/article/pii/S2213133714000493",
author = "P.M. Sutter and G. Lavaux and N. Hamaus and A. Pisani and B.D. Wandelt and M. Warren and F. Villaescusa-Navarro and P. Zivick and Q. Mao and B.B. Thompson",
keywords = "Cosmology: large-scale structure of universe, Methods: data analysis"
}
@article{CASTRO20111113,
title = "Diagnosing and correcting design inconsistencies in source code with logical abduction",
journal = "Science of Computer Programming",
volume = "76",
number = "12",
pages = "1113 - 1129",
year = "2011",
note = "Special Issue on Software Evolution, Adaptability and Variability",
issn = "0167-6423",
doi = "https://doi.org/10.1016/j.scico.2010.09.001",
url = "http://www.sciencedirect.com/science/article/pii/S0167642310001565",
author = "Sergio Castro and Coen De Roover and Andy Kellens and Angela Lozano and Kim Mens and Theo D’Hondt",
keywords = "Inconsistency management, Abductive reasoning, Logic meta programming"
}
@article{GAHEGAN2009836,
title = "Connecting GEON: Making sense of the myriad resources, researchers and concepts that comprise a geoscience cyberinfrastructure",
journal = "Computers & Geosciences",
volume = "35",
number = "4",
pages = "836 - 854",
year = "2009",
note = "Geoscience Knowledge Representation in Cyberinfrastructure",
issn = "0098-3004",
doi = "https://doi.org/10.1016/j.cageo.2008.09.006",
url = "http://www.sciencedirect.com/science/article/pii/S0098300408002690",
author = "Mark Gahegan and Junyan Luo and Stephen D. Weaver and William Pike and Tawan Banchuen",
keywords = "Cyberinfrastructure, Knowledge browsing, Ontology, GEON, Semantics, Perspectives"
}
@article{HERMELING199939,
title = "Timing Constraints and Object-Oriented Design",
journal = "IFAC Proceedings Volumes",
volume = "32",
number = "1",
pages = "39 - 44",
year = "1999",
note = "24th IFAC/IFIP Workshop on Real Time Programming WRTP 99, Schloss Dagstuhl, Germany, 30 May - 3 June",
issn = "1474-6670",
doi = "https://doi.org/10.1016/S1474-6670(17)39962-7",
url = "http://www.sciencedirect.com/science/article/pii/S1474667017399627",
author = "Mark Hermeling and Onno van Roosmalen and Bran Selic",
keywords = "Object Oriented Design, Real-Time Constraints, Reactive Behavior, UML-RT"
}
@article{ROUTEN199169,
title = "Hierarchical formalizations",
journal = "International Journal of Man-Machine Studies",
volume = "35",
number = "1",
pages = "69 - 93",
year = "1991",
note = "Special Issue: Al and Legal Reasoning. Part 2",
issn = "0020-7373",
doi = "https://doi.org/10.1016/S0020-7373(07)80008-3",
url = "http://www.sciencedirect.com/science/article/pii/S0020737307800083",
author = "Tom Routen and Trevor Bench-Capon"
}
@article{RODRIGUEZGONZALVEZ201444,
title = "Image-based modeling of built environment from an unmanned aerial system",
journal = "Automation in Construction",
volume = "48",
pages = "44 - 52",
year = "2014",
issn = "0926-5805",
doi = "https://doi.org/10.1016/j.autcon.2014.08.010",
url = "http://www.sciencedirect.com/science/article/pii/S0926580514001897",
author = "Pablo Rodriguez-Gonzalvez and Diego Gonzalez-Aguilera and Gemma Lopez-Jimenez and Inmaculada Picon-Cabrera",
keywords = "Automation, As-built constructions, Complex sites, Unmanned aerial system (UAS), Computer vision, Photogrammetry, Software development, Point clouds, Electrical substations"
}
@article{KENDOUL2008797,
title = "Adaptive Vision-Based Controller for Small Rotorcraft UAVs Control and Guidance",
journal = "IFAC Proceedings Volumes",
volume = "41",
number = "2",
pages = "797 - 802",
year = "2008",
note = "17th IFAC World Congress",
issn = "1474-6670",
doi = "https://doi.org/10.3182/20080706-5-KR-1001.00137",
url = "http://www.sciencedirect.com/science/article/pii/S1474667016390474",
author = "Farid Kendoul and Isabelle Fantoni and Rogelio Lozano",
keywords = "Adaptive control, rotorcraft UAVs, hierarchical flight control, vision-based control, bio-inspired navigation"
}
@article{CANO2009967,
title = "Collaborative text-annotation resource for disease-centered relation extraction from biomedical text",
journal = "Journal of Biomedical Informatics",
volume = "42",
number = "5",
pages = "967 - 977",
year = "2009",
note = "Biomedical Natural Language Processing",
issn = "1532-0464",
doi = "https://doi.org/10.1016/j.jbi.2009.02.001",
url = "http://www.sciencedirect.com/science/article/pii/S1532046409000215",
author = "C. Cano and T. Monaghan and A. Blanco and D.P. Wall and L. Peshkin",
keywords = "Information extraction, Information retrieval, Collaborative annotation, Corpus annotation, Text mining, Relation extraction, Protein–protein interaction, Gene–disease association, Autism, Disease evidence network, Clinical informatics"
}
@article{BLANDFORD2008393,
title = "Evaluating system utility and conceptual fit using CASSM",
journal = "International Journal of Human-Computer Studies",
volume = "66",
number = "6",
pages = "393 - 409",
year = "2008",
issn = "1071-5819",
doi = "https://doi.org/10.1016/j.ijhcs.2007.11.005",
url = "http://www.sciencedirect.com/science/article/pii/S1071581907001681",
author = "Ann Blandford and Thomas R.G. Green and Dominic Furniss and Stephann Makri",
keywords = "CASSM, Usability evaluation methods, Conceptual structures, Co-evolution"
}
@article{ZHANG20042187,
title = "A cross-scale model for 3D baroclinic circulation in estuary–plume–shelf systems: I. Formulation and skill assessment",
journal = "Continental Shelf Research",
volume = "24",
number = "18",
pages = "2187 - 2214",
year = "2004",
note = "Recent Developments in Physical Oceanographic Modelling: Part I",
issn = "0278-4343",
doi = "https://doi.org/10.1016/j.csr.2004.07.021",
url = "http://www.sciencedirect.com/science/article/pii/S0278434304001712",
author = "Yinglong Zhang and António M. Baptista and Edward P. Myers",
keywords = "Mathematical modeling, Ocean, coastal and estuarine circulation, Eulerian lagrangian methods, Finite volumes, Finite differences, Semi-implicit methods"
}
@article{GOLDBERG1979247,
title = "Educational uses of a dynabook",
journal = "Computers & Education",
volume = "3",
number = "4",
pages = "247 - 266",
year = "1979",
issn = "0360-1315",
doi = "https://doi.org/10.1016/0360-1315(79)90002-2",
url = "http://www.sciencedirect.com/science/article/pii/0360131579900022",
author = "Adele Goldberg"
}
@incollection{LABIALE1993257,
title = "A SOFTWARE SYSTEM FOR DESIGNING AND EVALUATING IN-CAR INFORMATION SYSTEM INTERFACES",
editor = "H.G. STASSEN",
booktitle = "Analysis, Design and Evaluation of Man–Machine Systems 1992",
publisher = "Pergamon",
address = "Oxford",
pages = "257 - 262",
year = "1993",
series = "IFAC Symposia Series",
isbn = "978-0-08-041900-8",
doi = "https://doi.org/10.1016/B978-0-08-041900-8.50043-8",
url = "http://www.sciencedirect.com/science/article/pii/B9780080419008500438",
author = "G. Labiale and K. Ouadou and B.T. David"
}
@article{OLIVEIRA20071902,
title = "RDL: A language for framework instantiation representation",
journal = "Journal of Systems and Software",
volume = "80",
number = "11",
pages = "1902 - 1929",
year = "2007",
issn = "0164-1212",
doi = "https://doi.org/10.1016/j.jss.2007.01.005",
url = "http://www.sciencedirect.com/science/article/pii/S0164121207000106",
author = "Toacy C. Oliveira and Paulo S.C. Alencar and Carlos J.P. de Lucena and Donald D. Cowan",
keywords = "Software reuse, Object oriented framework, Model driven architecture, Product line architecture"
}
@article{FOETSCH2009186,
title = "A concept and implementation of higher-level XML transformation languages",
journal = "Knowledge-Based Systems",
volume = "22",
number = "3",
pages = "186 - 194",
year = "2009",
note = "Intelligent Software Design – Selected papers from the 6th International Conference on Software Methodologies, Tools and Techniques",
issn = "0950-7051",
doi = "https://doi.org/10.1016/j.knosys.2008.11.003",
url = "http://www.sciencedirect.com/science/article/pii/S0950705108001949",
author = "Daniel Foetsch and Elke Pulvermueller",
keywords = "Software generation and transformation, Higher-level transformation operators, Operator hierarchy concept, Transformation language, XML, XSLT"
}
@article{VOISARD2011937,
title = "ARCHITECT: A layered framework for classifying technologies of event-based systems",
journal = "Information Systems",
volume = "36",
number = "6",
pages = "937 - 957",
year = "2011",
issn = "0306-4379",
doi = "https://doi.org/10.1016/j.is.2011.03.006",
url = "http://www.sciencedirect.com/science/article/pii/S0306437911000408",
author = "Agnès Voisard and Holger Ziekow",
keywords = "Event-based systems, Complex event processing, Architecture, Modeling"
}
@article{HANSEN199131,
title = "The use of eye mark recordings to support verbal retrospection in software testing",
journal = "Acta Psychologica",
volume = "76",
number = "1",
pages = "31 - 49",
year = "1991",
issn = "0001-6918",
doi = "https://doi.org/10.1016/0001-6918(91)90052-2",
url = "http://www.sciencedirect.com/science/article/pii/0001691891900522",
author = "John Paulin Hansen"
}
@article{PARK2001115,
title = "Development of the step complexity measure for emergency operating procedures using entropy concepts",
journal = "Reliability Engineering & System Safety",
volume = "71",
number = "2",
pages = "115 - 130",
year = "2001",
issn = "0951-8320",
doi = "https://doi.org/10.1016/S0951-8320(00)00087-9",
url = "http://www.sciencedirect.com/science/article/pii/S0951832000000879",
author = "Jinkyun Park and Wondea Jung and Jaejoo Ha",
keywords = "Nuclear power plants, Emergency operating procedures, complexity factors, Step complexity evaluation, Entropy, NASA-TLX (task load index), Step performance time"
}
@article{STALHANE199083,
title = "Assessing Software Reliability in a Changing Environment",
journal = "IFAC Proceedings Volumes",
volume = "23",
number = "6",
pages = "83 - 88",
year = "1990",
note = "IFAC/EWICS/SARS Symposium on Safety of Computer Control Systems 1990 (SAFECOMP'90), Gatwick, UK, 30 October-November 2, 1990",
issn = "1474-6670",
doi = "https://doi.org/10.1016/S1474-6670(17)52182-5",
url = "http://www.sciencedirect.com/science/article/pii/S1474667017521825",
author = "T. Stålhane",
keywords = "Software engineering, program testing, reliability, computer software, prediction, coding errors"
}
@article{MCMURRAY2015169,
title = "Ontological modeling of electronic health information exchange",
journal = "Journal of Biomedical Informatics",
volume = "56",
pages = "169 - 178",
year = "2015",
issn = "1532-0464",
doi = "https://doi.org/10.1016/j.jbi.2015.05.020",
url = "http://www.sciencedirect.com/science/article/pii/S1532046415001082",
author = "J. McMurray and L. Zhu and I. McKillop and H. Chen",
keywords = "Ontological model, Data quality, Health information exchange, Interoperability, Health system performance"
}
@article{JORGENSEN2003253,
title = "Software effort estimation by analogy and “regression toward the mean”",
journal = "Journal of Systems and Software",
volume = "68",
number = "3",
pages = "253 - 262",
year = "2003",
note = "Best papers on Software Engineering from the SEKE'01 Conference",
issn = "0164-1212",
doi = "https://doi.org/10.1016/S0164-1212(03)00066-9",
url = "http://www.sciencedirect.com/science/article/pii/S0164121203000669",
author = "Magne Jørgensen and Ulf Indahl and Dag Sjøberg",
keywords = "Effort estimation, Estimation by analogy, Regression toward the mean"
}
@article{BEER1989441,
title = "The use of an office information server in an environment based on high-performance workstations",
journal = "Microprocessing and Microprogramming",
volume = "27",
number = "1",
pages = "441 - 446",
year = "1989",
note = "Fifteenth EUROMICRO Symposium on Microprocessing and Microprogramming",
issn = "0165-6074",
doi = "https://doi.org/10.1016/0165-6074(89)90089-6",
url = "http://www.sciencedirect.com/science/article/pii/0165607489900896",
author = "Martin D. Beer"
}
@article{LEE201798,
title = "A novel concept for integrating and delivering health information using a comprehensive digital dashboard: An analysis of healthcare professionals’ intention to adopt a new system and the trend of its real usage",
journal = "International Journal of Medical Informatics",
volume = "97",
pages = "98 - 108",
year = "2017",
issn = "1386-5056",
doi = "https://doi.org/10.1016/j.ijmedinf.2016.10.001",
url = "http://www.sciencedirect.com/science/article/pii/S1386505616302167",
author = "Keehyuck Lee and Se Young Jung and Hee Hwang and Sooyoung Yoo and Hyun Young Baek and Rong-Min Baek and Seok Kim",
keywords = "Electronic heath record, Dashboard system, Hospital information system, User experience study"
}
@article{RIJKS1987639,
title = "Integration of a hardware module for tracing local variables in real-time software",
journal = "Microprocessing and Microprogramming",
volume = "21",
number = "1",
pages = "639 - 645",
year = "1987",
note = "Microcomputers: Usage, Methods and Structures",
issn = "0165-6074",
doi = "https://doi.org/10.1016/0165-6074(87)90101-3",
url = "http://www.sciencedirect.com/science/article/pii/0165607487901013",
author = "Erik Rijks and Jan Vermeesch and Marnix Goossens and Jacques Tiberghien"
}
@article{MOSTACOGUIDOLIN20121511,
title = "SCTE: An open-source Perl framework for testing equipment control and data acquisition",
journal = "Computer Physics Communications",
volume = "183",
number = "7",
pages = "1511 - 1518",
year = "2012",
issn = "0010-4655",
doi = "https://doi.org/10.1016/j.cpc.2012.02.013",
url = "http://www.sciencedirect.com/science/article/pii/S0010465512000665",
author = "Luiz C. Mostaço-Guidolin and Rafael B. Frigori and Leonid Ruchko and Ricardo M.O. Galvão",
keywords = "Perl language, Automation, Data acquisition, Equipment control, Test instrument, TCABR, SCPI"
}
@article{MAROS2002322,
title = "Advances in design and implementation of optimization software",
journal = "European Journal of Operational Research",
volume = "140",
number = "2",
pages = "322 - 337",
year = "2002",
issn = "0377-2217",
doi = "https://doi.org/10.1016/S0377-2217(02)00072-3",
url = "http://www.sciencedirect.com/science/article/pii/S0377221702000723",
author = "István Maros and Mohammad Haroon Khaliq",
keywords = "Large scale optimization, Optimization software, Implementation technology"
}
@article{BOTTCHER201532,
title = "Explicit analytic equations for multimolecular thermal melting curves",
journal = "Biophysical Chemistry",
volume = "202",
pages = "32 - 39",
year = "2015",
issn = "0301-4622",
doi = "https://doi.org/10.1016/j.bpc.2015.04.001",
url = "http://www.sciencedirect.com/science/article/pii/S0301462215000757",
author = "Albrecht Böttcher and Danny Kowerko and Roland K.O. Sigel",
keywords = "Thermal melting curve, Multimolecular reaction, Curve fitting, Van't Hoff analysis, Thermodynamic parameter, Software"
}
@article{GEROLYMATOS201579,
title = "SMaRT: A novel framework for addressing range queries over nonlinear trajectories",
journal = "Journal of Systems and Software",
volume = "105",
pages = "79 - 90",
year = "2015",
issn = "0164-1212",
doi = "https://doi.org/10.1016/j.jss.2015.03.068",
url = "http://www.sciencedirect.com/science/article/pii/S0164121215000709",
author = "Panagiotis Gerolymatos and Spyros Sioutas and Nikolaos Nodarakis and Alexandros Panaretos and Konstantinos Tsakalidis",
keywords = "Spatiotemporal databases, Indexing, Data structures"
}
@article{BISHOP1998189,
title = "Planning support: hardware and software in search of a system",
journal = "Computers, Environment and Urban Systems",
volume = "22",
number = "3",
pages = "189 - 202",
year = "1998",
issn = "0198-9715",
doi = "https://doi.org/10.1016/S0198-9715(98)00047-7",
url = "http://www.sciencedirect.com/science/article/pii/S0198971598000477",
author = "Ian D Bishop"
}
@article{THEODOROPOULOS199493,
title = "A veterinary anatomy tutoring system",
journal = "Computer Methods and Programs in Biomedicine",
volume = "42",
number = "2",
pages = "93 - 98",
year = "1994",
issn = "0169-2607",
doi = "https://doi.org/10.1016/0169-2607(94)90045-0",
url = "http://www.sciencedirect.com/science/article/pii/0169260794900450",
author = "Georgios Theodoropoulos and Vassili Loumos and John Antonopoulos",
keywords = "Veterinary anatomy, Tutoring, Computer, Multimedia, Hypermedia"
}
@article{TANGJITGAMOL2009257,
title = "Interval debulking surgery for advanced epithelial ovarian cancer: A Cochrane systematic review",
journal = "Gynecologic Oncology",
volume = "112",
number = "1",
pages = "257 - 264",
year = "2009",
issn = "0090-8258",
doi = "https://doi.org/10.1016/j.ygyno.2008.09.041",
url = "http://www.sciencedirect.com/science/article/pii/S0090825808008020",
author = "Siriwan Tangjitgamol and Sumonmal Manusirivithaya and Malinee Laopaiboon and Pisake Lumbiganon",
keywords = "Interval debulking surgery, Advanced epithelial ovarian cancer, Survival"
}
@article{ZEIDNER1992269,
title = "Seamless design-to-manufacture (SDTM)",
journal = "Journal of Manufacturing Systems",
volume = "11",
number = "4",
pages = "269 - 284",
year = "1992",
issn = "0278-6125",
doi = "https://doi.org/10.1016/0278-6125(92)90027-D",
url = "http://www.sciencedirect.com/science/article/pii/027861259290027D",
author = "Lawrence Zeidner and Yehonathan Hazony",
keywords = "Concurrent Engineering, Rapid Prototyping, NC Machining, Geometric Modeling, Automatic Process Generation"
}