@article{YUSHKEVICH20061116,
title = "User-guided 3D active contour segmentation of anatomical structures: Significantly improved efficiency and reliability",
journal = "NeuroImage",
volume = "31",
number = "3",
pages = "1116 - 1128",
year = "2006",
issn = "1053-8119",
doi = "https://doi.org/10.1016/j.neuroimage.2006.01.015",
url = "http://www.sciencedirect.com/science/article/pii/S1053811906000632",
author = "Paul A. Yushkevich and Joseph Piven and Heather Cody Hazlett and Rachel Gimpel Smith and Sean Ho and James C. Gee and Guido Gerig",
keywords = "Computational anatomy, Image segmentation, Caudate nucleus, 3D active contour models, Open source software, Validation, Anatomical objects"
}
@article{HEINO1992305,
title = "Testing Knowledge Based Systems: A Case Study and Implications",
journal = "IFAC Proceedings Volumes",
volume = "25",
number = "30",
pages = "305 - 310",
year = "1992",
note = "IFAC Symposium on Safety of Computer Control Systems (SAFECOMP'92), Zürich, Switzerland, 28-30 October 1992",
issn = "1474-6670",
doi = "https://doi.org/10.1016/S1474-6670(17)49447-X",
url = "http://www.sciencedirect.com/science/article/pii/S147466701749447X",
author = "P. Heino and H. Jaakkola and J. Tepandi",
keywords = "Knowledge engineering, safety, quality control, computer-aided system design, expert systems, software engineering, standards, risk analysis"
}
@article{RUCKER2017106,
title = "pyGIMLi: An open-source library for modelling and inversion in geophysics",
journal = "Computers & Geosciences",
volume = "109",
pages = "106 - 123",
year = "2017",
issn = "0098-3004",
doi = "https://doi.org/10.1016/j.cageo.2017.07.011",
url = "http://www.sciencedirect.com/science/article/pii/S0098300417300584",
author = "Carsten Rücker and Thomas Günther and Florian M. Wagner"
}
@article{CAPILLA2016191,
title = "10 years of software architecture knowledge management: Practice and future",
journal = "Journal of Systems and Software",
volume = "116",
pages = "191 - 205",
year = "2016",
issn = "0164-1212",
doi = "https://doi.org/10.1016/j.jss.2015.08.054",
url = "http://www.sciencedirect.com/science/article/pii/S0164121215002034",
author = "Rafael Capilla and Anton Jansen and Antony Tang and Paris Avgeriou and Muhammad Ali Babar",
keywords = "Architectural knowledge management, Architectural design decisions, Agile development"
}
@article{GILLIES1991641,
title = "Humanization of the software factory",
journal = "Information and Software Technology",
volume = "33",
number = "9",
pages = "641 - 646",
year = "1991",
note = "CASE (computer-aided software engineering)",
issn = "0950-5849",
doi = "https://doi.org/10.1016/0950-5849(91)90037-C",
url = "http://www.sciencedirect.com/science/article/pii/095058499190037C",
author = "AC Gillies",
keywords = "software development, computer-aided software engineering, CASE, human factors, software factory, quality"
}
@article{JEZEK2017666,
title = "Lumped models of the cardiovascular system of various complexity",
journal = "Biocybernetics and Biomedical Engineering",
volume = "37",
number = "4",
pages = "666 - 678",
year = "2017",
issn = "0208-5216",
doi = "https://doi.org/10.1016/j.bbe.2017.08.001",
url = "http://www.sciencedirect.com/science/article/pii/S0208521617300268",
author = "Filip Ježek and Tomáš Kulhánek and Karel Kalecký and Jiří Kofránek",
keywords = "Modelica, Modeling methodology, Cardiovascular modeling, Lumped model"
}
@incollection{YIU2011181,
title = "Chapter 10 - Operating System Support Features",
editor = "Joseph Yiu",
booktitle = "The Definitive Guide to the ARM Cortex-M0",
publisher = "Newnes",
address = "Oxford",
pages = "181 - 195",
year = "2011",
isbn = "978-0-12-385477-3",
doi = "https://doi.org/10.1016/B978-0-12-385477-3.10010-2",
url = "http://www.sciencedirect.com/science/article/pii/B9780123854773100102",
author = "Joseph Yiu"
}
@article{MAHMOUD1995337,
title = "LIMEX: An Integrated Expert System for Lime Crop Management",
journal = "IFAC Proceedings Volumes",
volume = "28",
number = "4",
pages = "337 - 342",
year = "1995",
note = "2nd IFAC/IFIP/EurAgEng Workshop on Artificial Intelligence in Agriculture, Wageningen, The Netherlands,, 29-31 May, 1995",
issn = "1474-6670",
doi = "https://doi.org/10.1016/S1474-6670(17)45588-1",
url = "http://www.sciencedirect.com/science/article/pii/S1474667017455881",
author = "M. Mahmoud and K. El-Araby and A. Rafea",
keywords = "Expert systems, Knowledge-based systems, Knowledge-engineering, Knowledge-representation, Object-oriented programming"
}
@article{DANEVA20131333,
title = "Agile requirements prioritization in large-scale outsourced system projects: An empirical study",
journal = "Journal of Systems and Software",
volume = "86",
number = "5",
pages = "1333 - 1353",
year = "2013",
issn = "0164-1212",
doi = "https://doi.org/10.1016/j.jss.2012.12.046",
url = "http://www.sciencedirect.com/science/article/pii/S0164121212003536",
author = "Maya Daneva and Egbert van der Veen and Chintan Amrit and Smita Ghaisas and Klaas Sikkel and Ramesh Kumar and Nirav Ajmeri and Uday Ramteerthkar and Roel Wieringa",
keywords = "Agile requirements engineering, Requirements prioritization, Outsourced software development, Requirements dependencies, Large projects, Distributed project management Qualitative research, Case study"
}
@article{SAVOLAINEN2012458,
title = "Software development project success and failure from the supplier's perspective: A systematic literature review",
journal = "International Journal of Project Management",
volume = "30",
number = "4",
pages = "458 - 469",
year = "2012",
issn = "0263-7863",
doi = "https://doi.org/10.1016/j.ijproman.2011.07.002",
url = "http://www.sciencedirect.com/science/article/pii/S0263786311000901",
author = "Paula Savolainen and Jarmo J. Ahonen and Ita Richardson",
keywords = "Software development project, Outsourcing, Project management, Project failure, Project success, Customer, Supplier, Literature review"
}
@article{HICKS2003165,
title = "Knowledge base management systems-tools for creating verified intelligent systems",
journal = "Knowledge-Based Systems",
volume = "16",
number = "3",
pages = "165 - 171",
year = "2003",
issn = "0950-7051",
doi = "https://doi.org/10.1016/S0950-7051(02)00082-5",
url = "http://www.sciencedirect.com/science/article/pii/S0950705102000825",
author = "Richard C. Hicks",
keywords = "Verification, Expert system, Computer aided software development, Rapid application development"
}
@article{ISHIKAWA2010317,
title = "Rapid Prototyping for Control Education using Arduino and Open-Source Technologies",
journal = "IFAC Proceedings Volumes",
volume = "42",
number = "24",
pages = "317 - 321",
year = "2010",
note = "8th IFAC Symposium on Advances in Control Education",
issn = "1474-6670",
doi = "https://doi.org/10.3182/20091021-3-JP-2009.00060",
url = "http://www.sciencedirect.com/science/article/pii/S1474667015316396",
author = "Masato ISHIKAWA and Ichiro MARUTA",
keywords = "control education, rapid prototyping, snake robot, under-actuated system, nonlinear control"
}
@article{PIRA2018110,
title = "Searching for violation of safety and liveness properties using knowledge discovery in complex systems specified through graph transformations",
journal = "Information and Software Technology",
volume = "97",
pages = "110 - 134",
year = "2018",
issn = "0950-5849",
doi = "https://doi.org/10.1016/j.infsof.2018.01.004",
url = "http://www.sciencedirect.com/science/article/pii/S095058491830003X",
author = "Einollah Pira and Vahid Rafe and Amin Nikanjam",
keywords = "Data mining, Bayesian network, Model checking, State space explosion, Graph transformation system"
}
@article{PUENTES2008425,
title = "Integrated multimedia electronic patient record and graph-based image information for cerebral tumors",
journal = "Computers in Biology and Medicine",
volume = "38",
number = "4",
pages = "425 - 437",
year = "2008",
issn = "0010-4825",
doi = "https://doi.org/10.1016/j.compbiomed.2008.01.009",
url = "http://www.sciencedirect.com/science/article/pii/S0010482508000061",
author = "John Puentes and Bénédicte Batrancourt and Jamal Atif and Elsa Angelini and Laurent Lecornu and Abdelhamid Zemirline and Isabelle Bloch and Gouenou Coatrieux and Christian Roux",
keywords = "Multimedia electronic patient record, Anatomical graph, Neurology, Open-source software, Computerized knowledge-supported medical practice"
}
@article{GAMMAITONI2017,
title = "Agile validation of model transformations using compound F-Alloy specifications",
journal = "Science of Computer Programming",
year = "2017",
issn = "0167-6423",
doi = "https://doi.org/10.1016/j.scico.2017.07.001",
url = "http://www.sciencedirect.com/science/article/pii/S0167642317301417",
author = "Loïc Gammaitoni and Pierre Kelsen and Qin Ma",
keywords = "Model transformation, Validation, Alloy, Compound model transformations, Higher-order transformations"
}
@article{AYSOLMAZ201814,
title = "A semi-automated approach for generating natural language requirements documents based on business process models",
journal = "Information and Software Technology",
volume = "93",
pages = "14 - 29",
year = "2018",
issn = "0950-5849",
doi = "https://doi.org/10.1016/j.infsof.2017.08.009",
url = "http://www.sciencedirect.com/science/article/pii/S0950584917302069",
author = "Banu Aysolmaz and Henrik Leopold and Hajo A. Reijers and Onur Demirörs",
keywords = "Requirements elicitation, Business process model, Natural language generation"
}
@article{JOVANOVIC2004625,
title = "A GUI for Jess",
journal = "Expert Systems with Applications",
volume = "26",
number = "4",
pages = "625 - 637",
year = "2004",
issn = "0957-4174",
doi = "https://doi.org/10.1016/j.eswa.2003.12.012",
url = "http://www.sciencedirect.com/science/article/pii/S0957417403002203",
author = "Jelena Jovanović and Dragan Gašević and Vladan Devedžić",
keywords = "Expert systems, Development tools, Graphical user interface, Knowledge base interoperability"
}
@incollection{DICKENS2013385,
title = "Chapter 12 - Software Synchronization",
editor = "Bryon Moyer",
booktitle = "Real World Multicore Embedded Systems",
publisher = "Newnes",
address = "Oxford",
pages = "385 - 445",
year = "2013",
isbn = "978-0-12-416018-7",
doi = "https://doi.org/10.1016/B978-0-12-416018-7.00012-2",
url = "http://www.sciencedirect.com/science/article/pii/B9780124160187000122",
author = "Tom Dickens",
keywords = "atomic transaction, atomicity, compare and swap (CAS), test and set, concurrency, data escape, data integrity, data race, deadlock, deep copy, divide-and-conquer, fork/join, immutable, memory barrier, multicore, multi-threaded, mutable, MUTEX, non-atomic operation, priority inversion, pthreads, ReadWriteLock, recursive data, shared data, shared memory, shared queue, shared resource, shared-exclusion, software barrier, spinlock, stale data, synchronization, synchronize, task parallelism, threads, thread-safe, thread-safety, unsynchronized"
}
@article{MOONEN201634,
title = "Analyzing and visualizing information flow in heterogeneous component-based software systems",
journal = "Information and Software Technology",
volume = "77",
pages = "34 - 55",
year = "2016",
issn = "0950-5849",
doi = "https://doi.org/10.1016/j.infsof.2016.05.002",
url = "http://www.sciencedirect.com/science/article/pii/S0950584916300817",
author = "Leon Moonen and Amir Reza Yazdanshenas",
keywords = "Information flow analysis, Component-based software systems, Model reconstruction, Program comprehension, Software visualization"
}
@article{CAYOLA2018163,
title = "Systematic guidance on usability methods in user-centered software development",
journal = "Information and Software Technology",
volume = "97",
pages = "163 - 175",
year = "2018",
issn = "0950-5849",
doi = "https://doi.org/10.1016/j.infsof.2018.01.010",
url = "http://www.sciencedirect.com/science/article/pii/S0950584917300563",
author = "Luis Cayola and José A. Macías",
keywords = "Usability, User-centered development, Method recommendation, User-centered project management, Software quality, CASE tool"
}
@article{MOHDBEKRI2013323,
title = "Development of Malaysia Skills Certificate E-portfolio: A Conceptual Framework",
journal = "Procedia - Social and Behavioral Sciences",
volume = "103",
pages = "323 - 329",
year = "2013",
note = "13th International Educational Technology Conference",
issn = "1877-0428",
doi = "https://doi.org/10.1016/j.sbspro.2013.10.340",
url = "http://www.sciencedirect.com/science/article/pii/S1877042813037853",
author = "R. Mohd Bekri and M.Y. Ruhizan and M.N. Norazah and Y. Faizal Amin Nur and H. Tajul Ashikin",
keywords = "E-portfolio, Malaysia Skills Certificate, vocational education"
}
@article{LOZANO201573,
title = "Usage contracts: Offering immediate feedback on violations of structural source-code regularities",
journal = "Science of Computer Programming",
volume = "105",
pages = "73 - 91",
year = "2015",
issn = "0167-6423",
doi = "https://doi.org/10.1016/j.scico.2015.01.004",
url = "http://www.sciencedirect.com/science/article/pii/S016764231500012X",
author = "Angela Lozano and Kim Mens and Andy Kellens",
keywords = "Software development tool support, Structural regularities, Source code analysis, Internal domain-specific language, IDE integration"
}
@article{KARNALIM2018,
title = "IR-based technique for linearizing abstract method invocation in plagiarism-suspected source code pair",
journal = "Journal of King Saud University - Computer and Information Sciences",
year = "2018",
issn = "1319-1578",
doi = "https://doi.org/10.1016/j.jksuci.2018.01.012",
url = "http://www.sciencedirect.com/science/article/pii/S1319157817305384",
author = "Oscar Karnalim",
keywords = "Abstract method linearization, Source code plagiarism, Software engineering, Information retrieval"
}
@article{SILVEIRA2015212,
title = "An Open-source Bio-inspired Solution to Underwater SLAM★",
journal = "IFAC-PapersOnLine",
volume = "48",
number = "2",
pages = "212 - 217",
year = "2015",
note = "4th IFAC Workshop onNavigation, Guidance and Controlof Underwater VehiclesNGCUV 2015",
issn = "2405-8963",
doi = "https://doi.org/10.1016/j.ifacol.2015.06.035",
url = "http://www.sciencedirect.com/science/article/pii/S2405896315002748",
author = "Luan Silveira and Felipe Guth and Paulo Drews-Jr and Pedro Ballester and Matheus Machado and Felipe Codevilla and Nelson Duarte-Filho and Silvia Botelho",
keywords = "Underwater Robotics, SLAM and Bio-Inspired Approaches"
}
@article{GARCIA2011834,
title = "Design guidelines for software processes knowledge repository development",
journal = "Information and Software Technology",
volume = "53",
number = "8",
pages = "834 - 850",
year = "2011",
note = "Advances in functional size measurement and effort estimation - Extended best papers",
issn = "0950-5849",
doi = "https://doi.org/10.1016/j.infsof.2011.03.002",
url = "http://www.sciencedirect.com/science/article/pii/S0950584911000619",
author = "Javier García and Antonio Amescua and María-Isabel Sánchez and Leonardo Bermón",
keywords = "Software engineering, Software process technology, Knowledge management, Agile development, Web 2.0, Wiki"
}
@article{BUDGEN200555,
title = "The SEI curriculum modules and their influence: Norm Gibbs' legacy to software engineering education",
journal = "Journal of Systems and Software",
volume = "75",
number = "1",
pages = "55 - 62",
year = "2005",
note = "Software Engineering Education and Training",
issn = "0164-1212",
doi = "https://doi.org/10.1016/j.jss.2004.02.027",
url = "http://www.sciencedirect.com/science/article/pii/S016412120400041X",
author = "David Budgen and James E. Tomayko",
keywords = "Software engineering education, Curriculum modules, Software Engineering Institute, SEI"
}
@article{GACHTER2010893,
title = "Initiating private-collective innovation: The fragility of knowledge sharing",
journal = "Research Policy",
volume = "39",
number = "7",
pages = "893 - 906",
year = "2010",
issn = "0048-7333",
doi = "https://doi.org/10.1016/j.respol.2010.04.010",
url = "http://www.sciencedirect.com/science/article/pii/S0048733310001149",
author = "Simon Gächter and Georg von Krogh and Stefan Haefliger",
keywords = "Innovation, Private-collective innovation model, Knowledge sharing, Open source software, Experimental economics"
}
@incollection{VALLIUS2007265,
title = "OBJECT-ORIENTED EMBEDDED SYSTEM DEVELOPMENT METHOD FOR EASY AND FAST PROTOTYPING",
editor = "Eiji Arai and Tatsuo Arai",
booktitle = "Mechatronics for Safety, Security and Dependability in a New Era",
publisher = "Elsevier",
address = "Oxford",
pages = "265 - 270",
year = "2007",
isbn = "978-0-08-044963-0",
doi = "https://doi.org/10.1016/B978-008044963-0/50054-0",
url = "http://www.sciencedirect.com/science/article/pii/B9780080449630500540",
author = "T. Vallius and J. Haverinen and J. Röning"
}
@article{BEACH20155219,
title = "A rule-based semantic approach for automated regulatory compliance in the construction sector",
journal = "Expert Systems with Applications",
volume = "42",
number = "12",
pages = "5219 - 5231",
year = "2015",
issn = "0957-4174",
doi = "https://doi.org/10.1016/j.eswa.2015.02.029",
url = "http://www.sciencedirect.com/science/article/pii/S0957417415001360",
author = "T.H. Beach and Y. Rezgui and H. Li and T. Kasim",
keywords = "Compliance checking, Regulations, Rule engine, Construction industry, Regulatory compliance, Semantics of regulations, Semantics of Regulatory Compliance"
}
@article{STRICKLER20161232,
title = "Deriving products for variability test of Feature Models with a hyper-heuristic approach",
journal = "Applied Soft Computing",
volume = "49",
pages = "1232 - 1242",
year = "2016",
issn = "1568-4946",
doi = "https://doi.org/10.1016/j.asoc.2016.07.059",
url = "http://www.sciencedirect.com/science/article/pii/S1568494616303994",
author = "Andrei Strickler and Jackson A. Prado Lima and Silvia R. Vergilio and Aurora T.R. Pozo",
keywords = "Software Product Line, Software testing, Hyper-heuristic"
}
@article{CERULO201526,
title = "Irish: A Hidden Markov Model to detect coded information islands in free text",
journal = "Science of Computer Programming",
volume = "105",
pages = "26 - 43",
year = "2015",
issn = "0167-6423",
doi = "https://doi.org/10.1016/j.scico.2014.11.017",
url = "http://www.sciencedirect.com/science/article/pii/S0167642314005589",
author = "Luigi Cerulo and Massimiliano Di Penta and Alberto Bacchelli and Michele Ceccarelli and Gerardo Canfora",
keywords = "Hidden Markov Models, Mining unstructured data, Developers' communication"
}
@article{MARCULESCU201526,
title = "An initial industrial evaluation of interactive search-based testing for embedded software",
journal = "Applied Soft Computing",
volume = "29",
pages = "26 - 39",
year = "2015",
issn = "1568-4946",
doi = "https://doi.org/10.1016/j.asoc.2014.12.025",
url = "http://www.sciencedirect.com/science/article/pii/S1568494614006693",
author = "Bogdan Marculescu and Robert Feldt and Richard Torkar and Simon Poulding",
keywords = "Search-based software testing, Interactive search-based software engineering, User centered, Embedded software, Industrial experience"
}
@article{PETRIDIS1996141,
title = "The integration of an intelligent knowledge-based system into engineering software using the blackboard structure",
journal = "Advances in Engineering Software",
volume = "25",
number = "2",
pages = "141 - 147",
year = "1996",
note = "Computing in Civil and Structural Engineering",
issn = "0965-9978",
doi = "https://doi.org/10.1016/0965-9978(95)00101-8",
url = "http://www.sciencedirect.com/science/article/pii/0965997895001018",
author = "M. Petridis and B. Knight",
keywords = "blackboard, Intelligent Knowledge-Based Systems (IKBS), artificial intelligence, engineering software"
}
@article{GRAND2004591,
title = "Resource allocation beyond firm boundaries: A multi-level model for Open Source innovation",
journal = "Long Range Planning",
volume = "37",
number = "6",
pages = "591 - 610",
year = "2004",
note = "Boundaries and Innovation",
issn = "0024-6301",
doi = "https://doi.org/10.1016/j.lrp.2004.09.006",
url = "http://www.sciencedirect.com/science/article/pii/S0024630104001177",
author = "Simon Grand and Georg von Krogh and Dorothy Leonard and Walter Swap"
}
@article{BREUER2014161,
title = "Open source verification in an anonymous volunteer network",
journal = "Science of Computer Programming",
volume = "91",
pages = "161 - 187",
year = "2014",
note = "Special Issue on Selected Contributions from the Open Source Software Certification (OpenCert) Workshops",
issn = "0167-6423",
doi = "https://doi.org/10.1016/j.scico.2013.08.010",
url = "http://www.sciencedirect.com/science/article/pii/S0167642313002037",
author = "Peter T. Breuer and Simon Pickin",
keywords = "Formal methods, Software verification, Static analysis, Open source, Distributed computation"
}
@incollection{NIEVERGELT1993167,
title = "Experiments in Computational Heuristics and Their Lessons for Software and Knowledge Engineering",
editor = "Marshall C. Yovits",
series = "Advances in Computers",
publisher = "Elsevier",
volume = "37",
pages = "167 - 205",
year = "1993",
issn = "0065-2458",
doi = "https://doi.org/10.1016/S0065-2458(08)60405-2",
url = "http://www.sciencedirect.com/science/article/pii/S0065245808604052",
author = "Jurg Nievergelt"
}
@article{JELAVIC20173714,
title = "Autonomous Drift Parking using a Switched Control Strategy with Onboard Sensors",
journal = "IFAC-PapersOnLine",
volume = "50",
number = "1",
pages = "3714 - 3719",
year = "2017",
note = "20th IFAC World Congress",
issn = "2405-8963",
doi = "https://doi.org/10.1016/j.ifacol.2017.08.568",
url = "http://www.sciencedirect.com/science/article/pii/S2405896317309394",
author = "E. Jelavic and J. Gonzales and F. Borrelli",
keywords = "Nonlinear MPC, Drifting, Parking, Autonomous Vehicles"
}
@article{THOMPSON2015565,
title = "A model for the creation and progressive improvement of a digital cadastral data base",
journal = "Land Use Policy",
volume = "49",
pages = "565 - 576",
year = "2015",
issn = "0264-8377",
doi = "https://doi.org/10.1016/j.landusepol.2014.12.016",
url = "http://www.sciencedirect.com/science/article/pii/S0264837715000642",
author = "Rodney James Thompson",
keywords = "Cadastral schema, Progressive development, Topology, Land administration domain model, Data cleansing, Open source"
}
@article{LIU2017126,
title = "Mining domain knowledge from app descriptions",
journal = "Journal of Systems and Software",
volume = "133",
pages = "126 - 144",
year = "2017",
issn = "0164-1212",
doi = "https://doi.org/10.1016/j.jss.2017.08.024",
url = "http://www.sciencedirect.com/science/article/pii/S0164121217301784",
author = "Yuzhou Liu and Lei Liu and Huaxiao Liu and Xiaoyu Wang and Hongji Yang",
keywords = "Domain analysis, Feature extraction, App descriptions, Data analysis"
}
@article{BRHEL2015163,
title = "Exploring principles of user-centered agile software development: A literature review",
journal = "Information and Software Technology",
volume = "61",
pages = "163 - 181",
year = "2015",
issn = "0950-5849",
doi = "https://doi.org/10.1016/j.infsof.2015.01.004",
url = "http://www.sciencedirect.com/science/article/pii/S0950584915000129",
author = "Manuel Brhel and Hendrik Meth and Alexander Maedche and Karl Werder",
keywords = "Agile software development, User-centered design, Systematic literature review"
}
@article{KRATZIG2007618,
title = "A software framework for data analysis",
journal = "Computational Statistics & Data Analysis",
volume = "52",
number = "2",
pages = "618 - 634",
year = "2007",
issn = "0167-9473",
doi = "https://doi.org/10.1016/j.csda.2006.08.007",
url = "http://www.sciencedirect.com/science/article/pii/S0167947306002672",
author = "Markus Krätzig",
keywords = "Java, Object-oriented programming, Econometrics, Software engineering"
}
@article{GAROUSI2015148,
title = "A survey of software engineering practices in Turkey",
journal = "Journal of Systems and Software",
volume = "108",
pages = "148 - 177",
year = "2015",
issn = "0164-1212",
doi = "https://doi.org/10.1016/j.jss.2015.06.036",
url = "http://www.sciencedirect.com/science/article/pii/S0164121215001314",
author = "Vahid Garousi and Ahmet Coşkunçay and Aysu Betin-Can and Onur Demirörs",
keywords = "Software engineering, Industry practices, Turkey"
}
@article{ZARAKET2014308,
title = "Skill-based framework for optimal software project selection and resource allocation",
journal = "European Journal of Operational Research",
volume = "234",
number = "1",
pages = "308 - 318",
year = "2014",
issn = "0377-2217",
doi = "https://doi.org/10.1016/j.ejor.2013.09.035",
url = "http://www.sciencedirect.com/science/article/pii/S037722171300790X",
author = "Fadi A. Zaraket and Majd Olleik and Ali A. Yassine",
keywords = "Resource allocation, Project selection, Software development, Software skills, Meta-heuristic"
}
@article{ANDRADE2006517,
title = "Definition of a problem-sensitive conceptual modelling language: foundations and application to software engineering",
journal = "Information and Software Technology",
volume = "48",
number = "7",
pages = "517 - 531",
year = "2006",
issn = "0950-5849",
doi = "https://doi.org/10.1016/j.infsof.2005.05.009",
url = "http://www.sciencedirect.com/science/article/pii/S095058490500087X",
author = "J. Andrade and J. Ares and R. García and J. Pazos and S. Rodríguez and A. Silva",
keywords = "Conceptual model, Conceptual modelling language, Problem sensitivity, Software engineering"
}
@article{CAKIR2016600,
title = "TESOL Plus TELOS: Teaching English as a Language of Open Sources (TELOS)",
journal = "Procedia - Social and Behavioral Sciences",
volume = "232",
pages = "600 - 603",
year = "2016",
note = "International Conference on Teaching and Learning English as an Additional Language, GlobELT 2016, 14-17 April 2016, Antalya, Turkey",
issn = "1877-0428",
doi = "https://doi.org/10.1016/j.sbspro.2016.10.082",
url = "http://www.sciencedirect.com/science/article/pii/S1877042816313155",
author = "Cemal Cakir",
keywords = "Language teaching materials, open sources, TELOS, pragmatics"
}
@article{MAHAJAN2014500,
title = "Developing a Training Model Using Orca (Assistive Technology) to Teach IT for Visually Impaired Students",
journal = "Procedia Economics and Finance",
volume = "11",
pages = "500 - 509",
year = "2014",
note = "Shaping the Future of Business and Society",
issn = "2212-5671",
doi = "https://doi.org/10.1016/S2212-5671(14)00216-0",
url = "http://www.sciencedirect.com/science/article/pii/S2212567114002160",
author = "Jayant Mahajan and Asha Nagendra",
keywords = "Visually impaired, Orca, assistive technology, Training model"
}
@article{AZADEGAN2013798,
title = "Applying collaborative process design to user requirements elicitation: A case study",
journal = "Computers in Industry",
volume = "64",
number = "7",
pages = "798 - 812",
year = "2013",
issn = "0166-3615",
doi = "https://doi.org/10.1016/j.compind.2013.05.001",
url = "http://www.sciencedirect.com/science/article/pii/S0166361513000961",
author = "Aida Azadegan and K. Nadia Papamichail and Pedro Sampaio",
keywords = "Collaboration Engineering, ThinkLet, Requirements elicitation, Workshop, Group facilitation"
}
@incollection{BARIK2016213,
title = "A process for surviving survey design and sailing through survey deployment",
editor = "Tim Menzies and Laurie Williams and Thomas Zimmermann",
booktitle = "Perspectives on Data Science for Software Engineering",
publisher = "Morgan Kaufmann",
address = "Boston",
pages = "213 - 219",
year = "2016",
isbn = "978-0-12-804206-9",
doi = "https://doi.org/10.1016/B978-0-12-804206-9.00039-8",
url = "http://www.sciencedirect.com/science/article/pii/B9780128042069000398",
author = "T. Barik and E. Murphy-Hill",
keywords = "Surveys, Likert statements, Closed-response questions, Open-response questions, Piloting, Initial recruitment letter"
}
@article{HACKER2017134,
title = "A Researcher-oriented Automated Data Ingestion Tool for rapid data Processing, Visualization and Preservation",
journal = "Advances in Engineering Software",
volume = "114",
pages = "134 - 143",
year = "2017",
issn = "0965-9978",
doi = "https://doi.org/10.1016/j.advengsoft.2017.06.019",
url = "http://www.sciencedirect.com/science/article/pii/S0965997817302375",
author = "Thomas Hacker and Shirley Dyke and Ali Irmak Ozdagli and Gemez Marshall and Christopher Thompson and Brian Rohler and Chul Min Yeum",
keywords = "Experiments, Data ingestion, Open-Source Data Turbine, Hubzero"
}
@article{FEILER1987531,
title = "Granularity issues in a knowledge-based programming environment",
journal = "Information and Software Technology",
volume = "29",
number = "10",
pages = "531 - 539",
year = "1987",
issn = "0950-5849",
doi = "https://doi.org/10.1016/0950-5849(87)90086-3",
url = "http://www.sciencedirect.com/science/article/pii/0950584987900863",
author = "Peter H Feiler and Gail E Kaiser",
keywords = "controlled automation, granularity, intelligent assistant, knowledge-based, objectbase, opportunistic processing, programming environment, software development process, software engineering environment"
}
@incollection{GOLDMAN2005223,
title = "Chapter 8 - How To Build Momentum",
editor = "Ron Goldman and Richard P. Gabriel",
booktitle = "Innovation Happens Elsewhere",
publisher = "Morgan Kaufmann",
address = "San Francisco",
pages = "223 - 248",
year = "2005",
isbn = "978-1-55860-889-4",
doi = "https://doi.org/10.1016/B978-155860889-4/50010-0",
url = "http://www.sciencedirect.com/science/article/pii/B9781558608894500100",
author = "Ron Goldman and Richard P. Gabriel"
}
@article{NEVES2014125,
title = "Risk management in software projects through Knowledge Management techniques: Cases in Brazilian Incubated Technology-Based Firms",
journal = "International Journal of Project Management",
volume = "32",
number = "1",
pages = "125 - 138",
year = "2014",
issn = "0263-7863",
doi = "https://doi.org/10.1016/j.ijproman.2013.02.007",
url = "http://www.sciencedirect.com/science/article/pii/S0263786313000288",
author = "Sandra Miranda Neves and Carlos Eduardo Sanches da Silva and Valério Antonio Pamplona Salomon and Aneirson Francisco da Silva and Bárbara Elizabeth Pereira Sotomonte",
keywords = "Incubated Technology-Based Firms (ITBF), Software development, Risk management, Knowledge management"
}
@article{LICORISH2015113,
title = "Communication and personality profiles of global software developers",
journal = "Information and Software Technology",
volume = "64",
pages = "113 - 131",
year = "2015",
issn = "0950-5849",
doi = "https://doi.org/10.1016/j.infsof.2015.02.004",
url = "http://www.sciencedirect.com/science/article/pii/S0950584915000336",
author = "Sherlock A. Licorish and Stephen G. MacDonell",
keywords = "Human factors, Communication, Personality, SNA, Data mining, Psycholinguistics"
}
@incollection{ELORANTA2014189,
title = "Chapter 8 - Lightweight Architecture Knowledge Management for Agile Software Development",
editor = "Muhammad Ali Babar and Alan W. Brown and Ivan Mistrik",
booktitle = "Agile Software Architecture",
publisher = "Morgan Kaufmann",
address = "Boston",
pages = "189 - 213",
year = "2014",
isbn = "978-0-12-407772-0",
doi = "https://doi.org/10.1016/B978-0-12-407772-0.00007-1",
url = "http://www.sciencedirect.com/science/article/pii/B9780124077720000071",
author = "Veli-Pekka Eloranta and Kai Koskimies",
keywords = "Architecture knowledge management, Agile software development, Scrum, Software architecture, Software architecture documentation"
}
@article{DINGSOYR2005293,
title = "Postmortem reviews: purpose and approaches in software engineering",
journal = "Information and Software Technology",
volume = "47",
number = "5",
pages = "293 - 303",
year = "2005",
issn = "0950-5849",
doi = "https://doi.org/10.1016/j.infsof.2004.08.008",
url = "http://www.sciencedirect.com/science/article/pii/S0950584904001296",
author = "Torgeir Dingsøyr",
keywords = "Postmortem review, Knowledge management, Software engineering"
}
@article{BABAR2015179,
title = "PHandler: An expert system for a scalable software requirements prioritization process",
journal = "Knowledge-Based Systems",
volume = "84",
pages = "179 - 202",
year = "2015",
issn = "0950-7051",
doi = "https://doi.org/10.1016/j.knosys.2015.04.010",
url = "http://www.sciencedirect.com/science/article/pii/S0950705115001483",
author = "Muhammad Imran Babar and Masitah Ghazali and Dayang N.A. Jawawi and Siti Maryam Shamsuddin and Noraini Ibrahim",
keywords = "Software requirement prioritization, Artificial neural networks, Expert systems, Hybrid model, Decision support"
}
@article{NGUYEN2016108,
title = "Feeding Experimentation Device (FED): A flexible open-source device for measuring feeding behavior",
journal = "Journal of Neuroscience Methods",
volume = "267",
pages = "108 - 114",
year = "2016",
issn = "0165-0270",
doi = "https://doi.org/10.1016/j.jneumeth.2016.04.003",
url = "http://www.sciencedirect.com/science/article/pii/S0165027016300413",
author = "Katrina P. Nguyen and Timothy J. O’Neal and Olurotimi A. Bolonduro and Elecia White and Alexxai V. Kravitz",
keywords = "Arduino, Feeding behavior, Food intake, Open-source"
}
@incollection{ZHANG20167,
title = "Software analytics and its application in practice",
editor = "Tim Menzies and Laurie Williams and Thomas Zimmermann",
booktitle = "Perspectives on Data Science for Software Engineering",
publisher = "Morgan Kaufmann",
address = "Boston",
pages = "7 - 11",
year = "2016",
isbn = "978-0-12-804206-9",
doi = "https://doi.org/10.1016/B978-0-12-804206-9.00002-7",
url = "http://www.sciencedirect.com/science/article/pii/B9780128042069000027",
author = "Dongmei Zhang and Tao Xie",
keywords = "Software analytics, research topics, target audience, technology pillars, connection to practice"
}
@article{CLAROSMARFIL2016450,
title = "A new and inexpensive open source data acquisition and controller for solar research: Application to a water-flow glazing",
journal = "Renewable Energy",
volume = "92",
pages = "450 - 461",
year = "2016",
issn = "0960-1481",
doi = "https://doi.org/10.1016/j.renene.2016.02.037",
url = "http://www.sciencedirect.com/science/article/pii/S0960148116301380",
author = "Luis J. Claros-Marfil and J. Francisco Padial and Benito Lauret",
keywords = "Water-flow window, Building-integrated solar thermal (BIST) systems, Arduino, Microcontoller, Open source, Smart windows"
}
@article{BELLI198869,
title = "Development and Validation of FIREX–A Knowledge-based System for the Transport of Dangerous Goods and Fire Department Consulting",
journal = "IFAC Proceedings Volumes",
volume = "21",
number = "14",
pages = "69 - 74",
year = "1988",
note = "2nd IFAC/IFIP Workshop on Experience With the Management of Software Projects 1988, Sarajevo, Yugoslavia, 27-29 September",
issn = "1474-6670",
doi = "https://doi.org/10.1016/S1474-6670(17)53684-8",
url = "http://www.sciencedirect.com/science/article/pii/S1474667017536848",
author = "F. Belli and H. Bonin and H. Gerdes and W. Filipowicz and P. Jedrzejowicz",
keywords = "Software Development and Validation, Reliability, Knowledge Based Systems, Dangerous Goods, Operations Research, PROLOG, LISP, Expert System Shell S.1"
}
@article{DEGREEF1995531,
title = "Cognitive support: designing aiding to supplement human knowledge",
journal = "International Journal of Human-Computer Studies",
volume = "42",
number = "5",
pages = "531 - 571",
year = "1995",
issn = "1071-5819",
doi = "https://doi.org/10.1006/ijhc.1995.1023",
url = "http://www.sciencedirect.com/science/article/pii/S1071581985710233",
author = "H.P. de Greef and M.A. Neerincx"
}
@article{LIROV1991333,
title = "Computer-aided software engineering of expert systems",
journal = "Expert Systems with Applications",
volume = "2",
number = "4",
pages = "333 - 343",
year = "1991",
issn = "0957-4174",
doi = "https://doi.org/10.1016/0957-4174(91)90039-H",
url = "http://www.sciencedirect.com/science/article/pii/095741749190039H",
author = "Yuval Lirov"
}
@article{BUCKINGHAM20151189,
title = "Integrating service user and practitioner expertise within a web-based system for collaborative mental-health risk and safety management",
journal = "Patient Education and Counseling",
volume = "98",
number = "10",
pages = "1189 - 1196",
year = "2015",
note = "Communication in Healthcare: Best papers from the International Conference on Communication in Healthcare, Amsterdam, The Netherlands, 28 September - 1 October 2014",
issn = "0738-3991",
doi = "https://doi.org/10.1016/j.pec.2015.08.018",
url = "http://www.sciencedirect.com/science/article/pii/S0738399115300550",
author = "Christopher D. Buckingham and Ann Adams and Laura Vail and Ashish Kumar and Abu Ahmed and Annie Whelan and Eleni Karasouli",
keywords = "Clinical decision support systems, Cognitive modelling, Collaborative healthcare, Risk assessment, Self-management, Mental health, GRiST, GRaCE"
}
@article{GYAMFI2017177,
title = "Barriers and facilitators to Electronic Medical Records usage in the Emergency Centre at Komfo Anokye Teaching Hospital, Kumasi-Ghana",
journal = "African Journal of Emergency Medicine",
volume = "7",
number = "4",
pages = "177 - 182",
year = "2017",
issn = "2211-419X",
doi = "https://doi.org/10.1016/j.afjem.2017.05.002",
url = "http://www.sciencedirect.com/science/article/pii/S2211419X16301094",
author = "Adwoa Gyamfi and Kofi A. Mensah and George Oduro and Peter Donkor and Charles N. Mock"
}
@article{SIDDIQA2017408,
title = "Visualizing the regulatory role of Angiopoietin-like protein 8 (ANGPTL8) in glucose and lipid metabolic pathways",
journal = "Genomics",
volume = "109",
number = "5",
pages = "408 - 418",
year = "2017",
issn = "0888-7543",
doi = "https://doi.org/10.1016/j.ygeno.2017.06.006",
url = "http://www.sciencedirect.com/science/article/pii/S088875431730054X",
author = "Amnah Siddiqa and Elisa Cirillo and Samar H.K. Tareen and Amjad Ali and Martina Kutmon and Lars M.T. Eijssen and Jamil Ahmad and Chris T. Evelo and Susan L. Coort",
keywords = "ANGPTL8, Betatrophin, LPL, Lipid/glucose metabolism, ANGPTL8 regulatory pathway"
}
@incollection{KALOCHRISTIANAKIS201657,
title = "4 - Wireless sensor network administrative management",
editor = "Ramakrishna Budampati and Soumitri Kolavennu",
booktitle = "Industrial Wireless Sensor Networks",
publisher = "Woodhead Publishing",
pages = "57 - 78",
year = "2016",
series = "Woodhead Publishing Series in Electronic and Optical Materials",
isbn = "978-1-78242-230-3",
doi = "https://doi.org/10.1016/B978-1-78242-230-3.00004-0",
url = "http://www.sciencedirect.com/science/article/pii/B9781782422303000040",
author = "M. Kalochristianakis and E. Varvarigos",
keywords = "Wireless sensor networks, Systems and network management"
}
@article{WEISER2016101,
title = "FoodChain-lab: Tracing Software Supporting Foodborne Disease Outbreak Investigations",
journal = "Procedia Food Science",
volume = "7",
pages = "101 - 104",
year = "2016",
note = "9th International Conference on Predictive Modelling in Food",
issn = "2211-601X",
doi = "https://doi.org/10.1016/j.profoo.2016.02.097",
url = "http://www.sciencedirect.com/science/article/pii/S2211601X16000985",
author = "Armin A. Weiser and Christian Thoens and Alexander Falenski and Bernd Appel and Matthias Filter and Annemarie Kaesbohrer",
keywords = "food/feed supply chain, foodborne infections, outbreaks, tracing analysis, open source software, GIS"
}
@article{PERISIC2016210,
title = "The Extensible Orchestration Framework approach to collaborative design in architectural, urban and construction engineering",
journal = "Automation in Construction",
volume = "71",
pages = "210 - 225",
year = "2016",
issn = "0926-5805",
doi = "https://doi.org/10.1016/j.autcon.2016.08.005",
url = "http://www.sciencedirect.com/science/article/pii/S0926580516301583",
author = "Ana Perisic and Marko Lazic and Branko Perisic",
keywords = "Architectural design, Building information modeling, Computer-supported cooperative work, Construction engineering, Domain analysis, Domain-specific modeling, Frameworks, Model-based simulations, Software tools interoperability, Urban planning"
}
@article{JALOTE2006904,
title = "Assigning tasks in a 24-h software development model",
journal = "Journal of Systems and Software",
volume = "79",
number = "7",
pages = "904 - 911",
year = "2006",
note = "Selected papers from the 11th Asia Pacific Software Engineering Conference (APSEC2004)",
issn = "0164-1212",
doi = "https://doi.org/10.1016/j.jss.2005.06.040",
url = "http://www.sciencedirect.com/science/article/pii/S0164121205001792",
author = "Pankaj Jalote and Gourav Jain",
keywords = "Global software development, 24-h software development, Project scheduling, Task allocation, Dependency graph, Optimal schedule"
}
@article{RODRIGUES201873,
title = "How do developers use dynamic features? The case of Ruby",
journal = "Computer Languages, Systems & Structures",
volume = "53",
pages = "73 - 89",
year = "2018",
issn = "1477-8424",
doi = "https://doi.org/10.1016/j.cl.2018.02.001",
url = "http://www.sciencedirect.com/science/article/pii/S1477842417300945",
author = "Elder Rodrigues and Ricardo Terra",
keywords = "Programming languages, Dynamic features, Empirical study"
}
@article{CONTEDELEON201812,
title = "ADLES: Specifying, deploying, and sharing hands-on cyber-exercises",
journal = "Computers & Security",
volume = "74",
pages = "12 - 40",
year = "2018",
issn = "0167-4048",
doi = "https://doi.org/10.1016/j.cose.2017.12.007",
url = "http://www.sciencedirect.com/science/article/pii/S0167404817302742",
author = "Daniel Conte de Leon and Christopher E. Goes and Michael A. Haney and Axel W. Krings",
keywords = "Cybersecurity, Cyber-defense competitions, Hands-on education, Information technology, Instructional computing environments, Tutorials and exercises"
}
@article{KUMAR201792,
title = "Research-oriented teaching of PDC topics in integration with other undergraduate courses at multiple levels: A multi-year report",
journal = "Journal of Parallel and Distributed Computing",
volume = "105",
pages = "92 - 104",
year = "2017",
note = "Keeping up with Technology: Teaching Parallel, Distributed and High-Performance Computing",
issn = "0743-7315",
doi = "https://doi.org/10.1016/j.jpdc.2017.01.004",
url = "http://www.sciencedirect.com/science/article/pii/S0743731517300102",
author = "Sandeep Kumar",
keywords = "PDC, Software engineering, Computer Networks, Computer architecture, Network programming, Network based laboratory, NSF early adopter award"
}
@article{RAVISHANKAR2017175,
title = "A morphological analyser for Maltese",
journal = "Procedia Computer Science",
volume = "117",
pages = "175 - 182",
year = "2017",
note = "Arabic Computational Linguistics",
issn = "1877-0509",
doi = "https://doi.org/10.1016/j.procs.2017.10.107",
url = "http://www.sciencedirect.com/science/article/pii/S1877050917321646",
author = "Vinit Ravishankar and Francis M. Tyers and Albert Gatt",
keywords = "finite-state, maltese, morphological analysis, apertium, templatic morphology, lttoolbox"
}
@article{AKINNUWESI20133313,
title = "Neuro-Fuzzy Expert System for evaluating the performance of Distributed Software System Architecture",
journal = "Expert Systems with Applications",
volume = "40",
number = "9",
pages = "3313 - 3327",
year = "2013",
issn = "0957-4174",
doi = "https://doi.org/10.1016/j.eswa.2012.12.039",
url = "http://www.sciencedirect.com/science/article/pii/S0957417412012808",
author = "B.A. Akinnuwesi and Faith-Michael E. Uzoka and Abayomi O. Osamiluyi",
keywords = "Distributed Software System Architecture, Evaluation, Responsiveness, Performance, Expert system, Organizational variable"
}
@article{LETONSAARI2017131,
title = "Modeling computational algorithms using nonlinear storytelling methods of computer game design",
journal = "Procedia Computer Science",
volume = "119",
pages = "131 - 138",
year = "2017",
note = "6th International Young Scientist Conference on Computational Science, YSC 2017, 01-03 November 2017, Kotka, Finland",
issn = "1877-0509",
doi = "https://doi.org/10.1016/j.procs.2017.11.169",
url = "http://www.sciencedirect.com/science/article/pii/S1877050917323797",
author = "Mika Letonsaari and Jukka Selin",
keywords = "Twine, visual programming, rapid prototyping, algorithm design, digital storytelling"
}
@article{ZAYOUR2016130,
title = "A qualitative study on debugging under an enterprise IDE",
journal = "Information and Software Technology",
volume = "70",
pages = "130 - 139",
year = "2016",
issn = "0950-5849",
doi = "https://doi.org/10.1016/j.infsof.2015.10.010",
url = "http://www.sciencedirect.com/science/article/pii/S0950584915001767",
author = "Iyad Zayour and Ali Hamdar",
keywords = "IDE, Debugging, Software productivity"
}
@article{FOX1993159,
title = "On the soundness and safety of expert systems",
journal = "Artificial Intelligence in Medicine",
volume = "5",
number = "2",
pages = "159 - 179",
year = "1993",
note = "Artificial Intelligence in Medicine: State-of-the-Art and Future Prospects",
issn = "0933-3657",
doi = "https://doi.org/10.1016/0933-3657(93)90015-U",
url = "http://www.sciencedirect.com/science/article/pii/093336579390015U",
author = "John Fox",
keywords = "Expert systems, logic programming, knowledge bases, Oxford System of Medicine"
}
@article{MATOS2013787,
title = "Prince2 or PMBOK – A Question of Choice",
journal = "Procedia Technology",
volume = "9",
pages = "787 - 794",
year = "2013",
note = "CENTERIS 2013 - Conference on ENTERprise Information Systems / ProjMAN 2013 - International Conference on Project MANagement/ HCIST 2013 - International Conference on Health and Social Care Information Systems and Technologies",
issn = "2212-0173",
doi = "https://doi.org/10.1016/j.protcy.2013.12.087",
url = "http://www.sciencedirect.com/science/article/pii/S2212017313002417",
author = "Sandra Matos and Eurico Lopes",
keywords = "Project Methodology, PMBOK, PRINCE2"
}
@article{WONG201530,
title = "An automated behavioral box to assess forelimb function in rats",
journal = "Journal of Neuroscience Methods",
volume = "246",
pages = "30 - 37",
year = "2015",
issn = "0165-0270",
doi = "https://doi.org/10.1016/j.jneumeth.2015.03.008",
url = "http://www.sciencedirect.com/science/article/pii/S0165027015000904",
author = "Chelsea C. Wong and Dhakshin S. Ramanathan and Tanuj Gulati and Seok Joon Won and Karunesh Ganguly",
keywords = "Motor learning, Reach, Electrophysiology"
}
@article{BELLI198869,
title = "Development and validation of firex—A knowledge-based system for the transport of dangerous goods and fire department consulting",
journal = "Annual Review in Automatic Programming",
volume = "14",
pages = "69 - 74",
year = "1988",
note = "Experience with the Management of Software Projects 1988",
issn = "0066-4138",
doi = "https://doi.org/10.1016/0066-4138(90)90013-H",
url = "http://www.sciencedirect.com/science/article/pii/006641389090013H",
author = "F Belli and H Bonin and H Gerdes and W Filipowicz and P Jedrzejowicz",
keywords = "Software Development, Validation, Reliability, Knowledge Based Systems, Dangerous Goods, Operations Research, PROLOG, LISP, Expert System Shell S1"
}
@article{RODRIGUEZ201214,
title = "Searching for rules to detect defective modules: A subgroup discovery approach",
journal = "Information Sciences",
volume = "191",
pages = "14 - 30",
year = "2012",
note = "Data Mining for Software Trustworthiness",
issn = "0020-0255",
doi = "https://doi.org/10.1016/j.ins.2011.01.039",
url = "http://www.sciencedirect.com/science/article/pii/S0020025511000661",
author = "D. Rodríguez and R. Ruiz and J.C. Riquelme and J.S. Aguilar–Ruiz",
keywords = "Defect prediction, Subgroup discovery, Imbalanced datasets, Rules"
}
@article{DERMAKU2016138,
title = "Educational and School Management Platform",
journal = "IFAC-PapersOnLine",
volume = "49",
number = "29",
pages = "138 - 143",
year = "2016",
note = "17th IFAC Conference on International Stability, Technology and Culture TECIS 2016",
issn = "2405-8963",
doi = "https://doi.org/10.1016/j.ifacol.2016.11.077",
url = "http://www.sciencedirect.com/science/article/pii/S2405896316325137",
author = "A. Dermaku and X. Bajrami and N. Demaku and A. Kikaj and S. Maloku and B. Gashi and S. Sina and B. Demolli",
keywords = "ESMP, LMS, WEB, Mobile, RTS"
}
@article{GEORGE2018,
title = "Fixing Class Design Inconsistencies using Self Regulating Particle Swarm Optimization",
journal = "Information and Software Technology",
year = "2018",
issn = "0950-5849",
doi = "https://doi.org/10.1016/j.infsof.2018.03.005",
url = "http://www.sciencedirect.com/science/article/pii/S0950584918300417",
author = "Renu George and Philip Samuel",
keywords = "Class diagram, Activity diagram, Consistency, Self regulating particle swarm optimization, Artificial intelligence"
}
@article{NGUYEN201427,
title = "An open source program to generate zero-thickness cohesive interface elements",
journal = "Advances in Engineering Software",
volume = "74",
pages = "27 - 39",
year = "2014",
issn = "0965-9978",
doi = "https://doi.org/10.1016/j.advengsoft.2014.04.002",
url = "http://www.sciencedirect.com/science/article/pii/S0965997814000660",
author = "Vinh Phu Nguyen",
keywords = "Interface cohesive elements, Fracture mechanics, Cohesive zone models, Finite element method, Open source code, Intrinsic cohesive laws"
}
@article{DIAPER2002379,
title = "Scenarios and task analysis",
journal = "Interacting with Computers",
volume = "14",
number = "4",
pages = "379 - 395",
year = "2002",
issn = "0953-5438",
doi = "https://doi.org/10.1016/S0953-5438(02)00005-X",
url = "http://www.sciencedirect.com/science/article/pii/S095354380200005X",
author = "Dan Diaper",
keywords = "Scenarios, Task analysis, Systems analysis, Software engineering"
}
@article{CIBRARIOBERTOLOTTI201541,
title = "Modular design of an open-source, networked embedded system",
journal = "Computer Standards & Interfaces",
volume = "37",
pages = "41 - 52",
year = "2015",
issn = "0920-5489",
doi = "https://doi.org/10.1016/j.csi.2014.05.004",
url = "http://www.sciencedirect.com/science/article/pii/S0920548914000725",
author = "Ivan Cibrario Bertolotti and Tingting Hu",
keywords = "Open-source software, Embedded systems, Distributed systems"
}
@article{WORDEN1989133,
title = "Processes of knowledge and software",
journal = "Knowledge-Based Systems",
volume = "2",
number = "2",
pages = "133 - 143",
year = "1989",
issn = "0950-7051",
doi = "https://doi.org/10.1016/0950-7051(89)90017-8",
url = "http://www.sciencedirect.com/science/article/pii/0950705189900178",
author = "Robert Worden",
keywords = "software engineering, knowledge engineering, explanation based learning, heuristic classification, meta knowledge, object-oriented programming"
}
@article{LESUSKY198729,
title = "The development of a knowledge-based system for information systems project development consulting",
journal = "Computers & Industrial Engineering",
volume = "13",
number = "1",
pages = "29 - 33",
year = "1987",
issn = "0360-8352",
doi = "https://doi.org/10.1016/0360-8352(87)90045-3",
url = "http://www.sciencedirect.com/science/article/pii/0360835287900453",
author = "Francis M. Lesusky and Robert L. Rhudy and John C. Wiginton"
}
@article{KELLEYSOBEL1998233,
title = "Applying an operational formal method throughout software engineering education",
journal = "Information and Software Technology",
volume = "40",
number = "4",
pages = "233 - 238",
year = "1998",
issn = "0950-5849",
doi = "https://doi.org/10.1016/S0950-5849(98)00044-5",
url = "http://www.sciencedirect.com/science/article/pii/S0950584998000445",
author = "Ann E. Kelley Sobel",
keywords = "Formal method, Software engineering education, Undergraduate curriculum"
}
@article{YANG2016362,
title = "A survey on software architectural assumptions",
journal = "Journal of Systems and Software",
volume = "113",
pages = "362 - 380",
year = "2016",
issn = "0164-1212",
doi = "https://doi.org/10.1016/j.jss.2015.12.016",
url = "http://www.sciencedirect.com/science/article/pii/S0164121215002824",
author = "Chen Yang and Peng Liang and Paris Avgeriou",
keywords = "Software architecture, Architectural assumption, Industrial survey"
}
@article{GARCELON201852,
title = "A clinician friendly data warehouse oriented toward narrative reports: Dr. Warehouse",
journal = "Journal of Biomedical Informatics",
volume = "80",
pages = "52 - 63",
year = "2018",
issn = "1532-0464",
doi = "https://doi.org/10.1016/j.jbi.2018.02.019",
url = "http://www.sciencedirect.com/science/article/pii/S1532046418300388",
author = "Nicolas Garcelon and Antoine Neuraz and Rémi Salomon and Hassan Faour and Vincent Benoit and Arthur Delapalme and Arnold Munnich and Anita Burgun and Bastien Rance",
keywords = "Software, Computational biology, Method, Data warehouse, Rare diseases, Electronic health records, Information storage and retrieval, Text-mining"
}
@article{BENAYED201064,
title = "A user-centered approach for the design and implementation of KDD-based DSS: A case study in the healthcare domain",
journal = "Decision Support Systems",
volume = "50",
number = "1",
pages = "64 - 78",
year = "2010",
issn = "0167-9236",
doi = "https://doi.org/10.1016/j.dss.2010.07.003",
url = "http://www.sciencedirect.com/science/article/pii/S0167923610001090",
author = "Mounir Ben Ayed and Hela Ltifi and Christophe Kolski and Adel M. Alimi",
keywords = "Decision support system, Knowledge Discovery from Databases, Data mining, Human–Computer Interaction, Software Engineering, Unified Process, U model"
}
@article{CONSTANTINESCU2014246,
title = "Modeling of System Knowledge for Efficient Agile Manufacturing: Tool Evaluation, Selection and Implementation Scenario in SMEs",
journal = "Procedia CIRP",
volume = "25",
pages = "246 - 252",
year = "2014",
note = "8th International Conference on Digital Enterprise Technology - DET 2014 Disruptive Innovation in Manufacturing Engineering towards the 4th Industrial Revolution",
issn = "2212-8271",
doi = "https://doi.org/10.1016/j.procir.2014.10.035",
url = "http://www.sciencedirect.com/science/article/pii/S221282711401066X",
author = "C.L. Constantinescu and D. Matarazzo and D. Dienes and E. Francalanza and M. Bayer",
keywords = "System Knowledge, SysML, Simulation"
}
@article{WURFEL2016645,
title = "Grounded requirements engineering: An approach to use case driven requirements engineering",
journal = "Journal of Systems and Software",
volume = "117",
pages = "645 - 657",
year = "2016",
issn = "0164-1212",
doi = "https://doi.org/10.1016/j.jss.2015.10.024",
url = "http://www.sciencedirect.com/science/article/pii/S0164121215002277",
author = "David Würfel and Rainer Lutz and Stephan Diehl",
keywords = "Software engineering, Requirements, Grounded Theory"
}
@article{LIMA201698,
title = "The importance of socio-technical resources for software ecosystems management",
journal = "Journal of Innovation in Digital Ecosystems",
volume = "3",
number = "2",
pages = "98 - 113",
year = "2016",
issn = "2352-6645",
doi = "https://doi.org/10.1016/j.jides.2016.10.006",
url = "http://www.sciencedirect.com/science/article/pii/S2352664516300190",
author = "Thaiana Lima and Rodrigo Pereira dos Santos and Jonice Oliveira and Cláudia Werner",
keywords = "Software ecosystems, Socio-technical resources, Component repositories, Software reuse"
}
@article{SCHON201779,
title = "Agile Requirements Engineering: A systematic literature review",
journal = "Computer Standards & Interfaces",
volume = "49",
pages = "79 - 91",
year = "2017",
issn = "0920-5489",
doi = "https://doi.org/10.1016/j.csi.2016.08.011",
url = "http://www.sciencedirect.com/science/article/pii/S0920548916300708",
author = "Eva-Maria Schön and Jörg Thomaschewski and María José Escalona",
keywords = "Systematic literature review, Agile software development, Requirements Engineering, Human-computer interaction, User-centered design"
}
@article{CHUNG1994315,
title = "An approach to partitioning programs on the functional basis and applications",
journal = "Microprocessing and Microprogramming",
volume = "40",
number = "5",
pages = "315 - 326",
year = "1994",
issn = "0165-6074",
doi = "https://doi.org/10.1016/0165-6074(94)90095-7",
url = "http://www.sciencedirect.com/science/article/pii/0165607494900957",
author = "In Sang Chung and Yong Rae Kwon",
keywords = "Software engineering, Program dependence graph, Program slicing, Program partitioning, Software development environment"
}
@article{SAHA2015114,
title = "Understanding the triaging and fixing processes of long lived bugs",
journal = "Information and Software Technology",
volume = "65",
pages = "114 - 128",
year = "2015",
issn = "0950-5849",
doi = "https://doi.org/10.1016/j.infsof.2015.03.002",
url = "http://www.sciencedirect.com/science/article/pii/S0950584915000531",
author = "Ripon K. Saha and Sarfraz Khurshid and Dewayne E. Perry",
keywords = "Bug tracking, Bug triaging, Bug survival time"
}
@article{HU2011646,
title = "Based Aspect-oriented Petri Nets in Software Engineering",
journal = "Physics Procedia",
volume = "22",
pages = "646 - 650",
year = "2011",
note = "2011 International Conference on Physics Science and Technology (ICPST 2011)",
issn = "1875-3892",
doi = "https://doi.org/10.1016/j.phpro.2011.11.100",
url = "http://www.sciencedirect.com/science/article/pii/S1875389211007541",
author = "Wensong Hu and Xingui Yang and Ke Zuo",
keywords = "Aspect-oriented, object-oriented, Petri net"
}
@article{JORGENSEN2007449,
title = "Forecasting of software development work effort: Evidence on expert judgement and formal models",
journal = "International Journal of Forecasting",
volume = "23",
number = "3",
pages = "449 - 462",
year = "2007",
issn = "0169-2070",
doi = "https://doi.org/10.1016/j.ijforecast.2007.05.008",
url = "http://www.sciencedirect.com/science/article/pii/S016920700700074X",
author = "Magne Jørgensen",
keywords = "Judgemental forecasting, Combining forecasts, Comparative studies, Evaluating forecasts, Forecasting practice"
}