@article{FOX2017585,
title = "Development and delivery of an interdisciplinary course in mobile health (mHealth)",
journal = "Currents in Pharmacy Teaching and Learning",
volume = "9",
number = "4",
pages = "585 - 594",
year = "2017",
issn = "1877-1297",
doi = "https://doi.org/10.1016/j.cptl.2017.03.005",
url = "http://www.sciencedirect.com/science/article/pii/S1877129715200032",
author = "Brent I. Fox and David A. Umphress and Joshua C. Hollingsworth",
keywords = "Interdisciplinary, mHealth, Software engineering, Pharmacy, Elective"
}
@article{WOHLIN2015229,
title = "A general theory of software engineering: Balancing human, social and organizational capitals",
journal = "Journal of Systems and Software",
volume = "109",
pages = "229 - 242",
year = "2015",
issn = "0164-1212",
doi = "https://doi.org/10.1016/j.jss.2015.08.009",
url = "http://www.sciencedirect.com/science/article/pii/S0164121215001740",
author = "Claes Wohlin and Darja Šmite and Nils Brede Moe",
keywords = "Software engineering theory, Intellectual capital, Empirical"
}
@article{SATISH2017,
title = "The effect of 3D visualization on mainframe application maintenance: A controlled experiment",
journal = "Journal of King Saud University - Computer and Information Sciences",
year = "2017",
issn = "1319-1578",
doi = "https://doi.org/10.1016/j.jksuci.2017.03.003",
url = "http://www.sciencedirect.com/science/article/pii/S1319157817300708",
author = "C.J. Satish and Anand Mahendran",
keywords = "Software maintenance, Software engineering, 3D software visualization, Software design extraction"
}
@article{FISHER20121,
title = "A software tool for elicitation of expert knowledge about species richness or similar counts",
journal = "Environmental Modelling & Software",
volume = "30",
pages = "1 - 14",
year = "2012",
issn = "1364-8152",
doi = "https://doi.org/10.1016/j.envsoft.2011.11.011",
url = "http://www.sciencedirect.com/science/article/pii/S136481521100274X",
author = "Rebecca Fisher and Rebecca A. O'Leary and Samantha Low-Choy and Kerrie Mengersen and M. Julian Caley",
keywords = "Elicitation software, Estimating counts, Species richness, Expert elicitation, Expert opinion, Estimating counts"
}
@article{SVERRISDOTTIR2014257,
title = "The Role of the Product Owner in Scrum-comparison between Theory and Practices",
journal = "Procedia - Social and Behavioral Sciences",
volume = "119",
pages = "257 - 267",
year = "2014",
note = "Selected papers from the 27th IPMA (International Project Management Association), World Congress, Dubrovnik, Croatia, 2013",
issn = "1877-0428",
doi = "https://doi.org/10.1016/j.sbspro.2014.03.030",
url = "http://www.sciencedirect.com/science/article/pii/S1877042814021211",
author = "Hrafnhildur Sif Sverrisdottir and Helgi Thor Ingason and Haukur Ingi Jonasson",
keywords = "Project Management, Responsibility, The role of the product owner (PO) ;Scrum, Agile, Technical knowledge, Software Development"
}
@article{DRAGICEVIC2017109,
title = "Bayesian network model for task effort estimation in agile software development",
journal = "Journal of Systems and Software",
volume = "127",
pages = "109 - 119",
year = "2017",
issn = "0164-1212",
doi = "https://doi.org/10.1016/j.jss.2017.01.027",
url = "http://www.sciencedirect.com/science/article/pii/S0164121217300171",
author = "Srdjana Dragicevic and Stipe Celar and Mili Turic",
keywords = "Bayesian network, Effort prediction, Agile software development"
}
@article{LING2017,
title = "Reliability and Validity analysis of the open-source Chinese Foot and Ankle Outcome Score (FAOS)",
journal = "The Foot",
year = "2017",
issn = "0958-2592",
doi = "https://doi.org/10.1016/j.foot.2017.12.001",
url = "http://www.sciencedirect.com/science/article/pii/S0958259217301803",
author = "Samuel K.K. Ling and Vincent Chan and Karen Ho and Fona Ling and T.H. Lui"
}
@article{TOMIC2006595,
title = "JavaDON: an open-source expert system shell",
journal = "Expert Systems with Applications",
volume = "31",
number = "3",
pages = "595 - 606",
year = "2006",
issn = "0957-4174",
doi = "https://doi.org/10.1016/j.eswa.2005.09.085",
url = "http://www.sciencedirect.com/science/article/pii/S0957417405002721",
author = "Bojan Tomić and Jelena Jovanović and Vladan Devedžić",
keywords = "Expert systems, Development tools, Graphical user interface, Knowledge base interoperability"
}
@article{SCHERES2012519,
title = "RELION: Implementation of a Bayesian approach to cryo-EM structure determination",
journal = "Journal of Structural Biology",
volume = "180",
number = "3",
pages = "519 - 530",
year = "2012",
issn = "1047-8477",
doi = "https://doi.org/10.1016/j.jsb.2012.09.006",
url = "http://www.sciencedirect.com/science/article/pii/S1047847712002481",
author = "Sjors H.W. Scheres",
keywords = "Electron microscopy, Single-particle analysis, Maximum likelihood, Image processing, Software development"
}
@article{HASTEER201648,
title = "Crowdsourcing Software Development: Many Benefits Many Concerns",
journal = "Procedia Computer Science",
volume = "78",
pages = "48 - 54",
year = "2016",
note = "1st International Conference on Information Security & Privacy 2015",
issn = "1877-0509",
doi = "https://doi.org/10.1016/j.procs.2016.02.009",
url = "http://www.sciencedirect.com/science/article/pii/S1877050916000119",
author = "Nitasha Hasteer and Noshiba Nazir and Abhay Bansal and B.K. Murthy",
keywords = "Software development, Traditional approach, Crowdsourcing software development, Schedule, Cost, Quality"
}
@article{ZHAO201761,
title = "Design optimization for AUTOSAR models with preemption thresholds and mixed-criticality scheduling",
journal = "Journal of Systems Architecture",
volume = "72",
pages = "61 - 68",
year = "2017",
note = "Design Automation for Embedded Ubiquitous Computing Systems",
issn = "1383-7621",
doi = "https://doi.org/10.1016/j.sysarc.2016.08.003",
url = "http://www.sciencedirect.com/science/article/pii/S1383762116300984",
author = "Qingling Zhao and Zonghua Gu and Haibo Zeng",
keywords = "Real-time embedded systems, Real-time scheduling, Mixed-criticality"
}
@article{WANG201552,
title = "Revisiting Linus’s law: Benefits and challenges of open source software peer review",
journal = "International Journal of Human-Computer Studies",
volume = "77",
pages = "52 - 65",
year = "2015",
issn = "1071-5819",
doi = "https://doi.org/10.1016/j.ijhcs.2015.01.005",
url = "http://www.sciencedirect.com/science/article/pii/S1071581915000087",
author = "Jing Wang and Patrick C. Shih and John M. Carroll",
keywords = "Online collaboration, Software peer review, Open source"
}
@article{GAENKO2017235,
title = "Updated core libraries of the ALPS project",
journal = "Computer Physics Communications",
volume = "213",
pages = "235 - 251",
year = "2017",
issn = "0010-4655",
doi = "https://doi.org/10.1016/j.cpc.2016.12.009",
url = "http://www.sciencedirect.com/science/article/pii/S0010465516303885",
author = "A. Gaenko and A.E. Antipov and G. Carcassi and T. Chen and X. Chen and Q. Dong and L. Gamper and J. Gukelberger and R. Igarashi and S. Iskakov and M. Könz and J.P.F. LeBlanc and R. Levy and P.N. Ma and J.E. Paki and H. Shinaoka and S. Todo and M. Troyer and E. Gull",
keywords = "Many-body physics, Strongly correlated systems, Monte Carlo, C++, High Performance Computing"
}
@article{DLODLO2011638,
title = "Taking advantage of the Mobicents platform in the design of the SINGA environment",
journal = "Procedia Computer Science",
volume = "3",
pages = "638 - 648",
year = "2011",
note = "World Conference on Information Technology",
issn = "1877-0509",
doi = "https://doi.org/10.1016/j.procs.2010.12.107",
url = "http://www.sciencedirect.com/science/article/pii/S1877050910004825",
author = "Nomusa Dlodlo and JP Tolmay",
keywords = "Mobicents, Software development tier, Instant messaging, SINGA, SMS messaging"
}
@article{PARRY1991222,
title = "Capturing the Basics: The Development of an Expert Computer System for Physiotherapists",
journal = "Physiotherapy",
volume = "77",
number = "3",
pages = "222 - 226",
year = "1991",
issn = "0031-9406",
doi = "https://doi.org/10.1016/S0031-9406(10)61722-1",
url = "http://www.sciencedirect.com/science/article/pii/S0031940610617221",
author = "Anne Parry and Sue Stone",
keywords = "Computers, records, core skills"
}
@article{PROPP20091223,
title = "Integration of usability evaluation and model-based software development",
journal = "Advances in Engineering Software",
volume = "40",
number = "12",
pages = "1223 - 1230",
year = "2009",
note = "Designing, modelling and implementing interactive systems",
issn = "0965-9978",
doi = "https://doi.org/10.1016/j.advengsoft.2009.01.025",
url = "http://www.sciencedirect.com/science/article/pii/S0965997809000520",
author = "Stefan Propp and Gregor Buchholz and Peter Forbrig",
keywords = "Model-based usability evaluation, Task models, HCI"
}
@article{MOLINA2014320,
title = "Model-driven development of interactive groupware systems: Integration into the software development process",
journal = "Science of Computer Programming",
volume = "89",
pages = "320 - 349",
year = "2014",
issn = "0167-6423",
doi = "https://doi.org/10.1016/j.scico.2014.02.030",
url = "http://www.sciencedirect.com/science/article/pii/S016764231400104X",
author = "Ana I. Molina and William J. Giraldo and Manuel Ortega and Miguel A. Redondo and César A. Collazos",
keywords = "Software Engineering (SE), Human–Computer Interaction (HCI),  design, Model Driven Development (MDD), Models integration"
}
@article{PALMER2014118,
title = "DSpace-CRIS@HKU: Achieving Visibility with a CERIF Compliant Open Source System",
journal = "Procedia Computer Science",
volume = "33",
pages = "118 - 123",
year = "2014",
note = "12th International Conference on Current Research Information Systems, CRIS 2014",
issn = "1877-0509",
doi = "https://doi.org/10.1016/j.procs.2014.06.019",
url = "http://www.sciencedirect.com/science/article/pii/S1877050914008096",
author = "David T. Palmer and Andrea Bollini and Susanna Mornati and Michele Mennielli",
keywords = "HKU, DSpace, DSpace-CRIS, Cineca, Open Source"
}
@article{ALBASHAYREH2015539,
title = "Domain Model Validation of Context-aware Mobile Patient Monitoring Systems",
journal = "Procedia Computer Science",
volume = "62",
pages = "539 - 546",
year = "2015",
note = "Proceedings of the 2015 International Conference on Soft Computing and Software Engineering (SCSE'15)",
issn = "1877-0509",
doi = "https://doi.org/10.1016/j.procs.2015.08.529",
url = "http://www.sciencedirect.com/science/article/pii/S1877050915026642",
author = "Mahmood Ghaleb Al-Bashayreh",
keywords = "domain model validation, context-aware mobile patient monitoring systems, application frameworks, expert review."
}
@article{MELCHORFERRER2014191,
title = "Financial information management for university departments, using open-source software",
journal = "International Journal of Information Management",
volume = "34",
number = "2",
pages = "191 - 199",
year = "2014",
issn = "0268-4012",
doi = "https://doi.org/10.1016/j.ijinfomgt.2013.12.009",
url = "http://www.sciencedirect.com/science/article/pii/S0268401213001667",
author = "Elias Melchor-Ferrer and Dionisio Buendía-Carrillo",
keywords = "Information management, Academic departments, Task-Technology Fit theory, Open source software"
}
@article{AYGOR2013241,
title = "A Study on the Consistency between University Entrance Exam (OSS) and Questions Published in Examinations at Schools on the Subject of Determinant",
journal = "Procedia - Social and Behavioral Sciences",
volume = "106",
pages = "241 - 249",
year = "2013",
note = "4th International Conference on New Horizons in Education",
issn = "1877-0428",
doi = "https://doi.org/10.1016/j.sbspro.2013.12.028",
url = "http://www.sciencedirect.com/science/article/pii/S1877042813046430",
author = "Nilgün Aygör and Hülya Burhanzade",
keywords = "Concept of determinant, Student Selection Examination (ÖSS), The Ministry of National Education (MEB) books, Mathematics education"
}
@article{STRODE20121222,
title = "Coordination in co-located agile software development projects",
journal = "Journal of Systems and Software",
volume = "85",
number = "6",
pages = "1222 - 1238",
year = "2012",
note = "Special Issue: Agile Development",
issn = "0164-1212",
doi = "https://doi.org/10.1016/j.jss.2012.02.017",
url = "http://www.sciencedirect.com/science/article/pii/S0164121212000465",
author = "Diane E. Strode and Sid L. Huff and Beverley Hope and Sebastian Link",
keywords = "Agile methods, Agile software development project, Coordination effectiveness, Coordination strategy, Coordination Theory, Extreme Programming, Scrum"
}
@article{CAFASSO20185,
title = "Designing flexible sandboxing solutions to adapt to new malware trends",
journal = "Computer Fraud & Security",
volume = "2018",
number = "2",
pages = "5 - 9",
year = "2018",
issn = "1361-3723",
doi = "https://doi.org/10.1016/S1361-3723(18)30013-7",
url = "http://www.sciencedirect.com/science/article/pii/S1361372318300137",
author = "Matteo Cafasso and Mathieu Tarral"
}
@article{LOUKIL2017365,
title = "An approach based on runtime models for developing dynamically adaptive systems",
journal = "Future Generation Computer Systems",
volume = "68",
pages = "365 - 375",
year = "2017",
issn = "0167-739X",
doi = "https://doi.org/10.1016/j.future.2016.07.006",
url = "http://www.sciencedirect.com/science/article/pii/S0167739X16302369",
author = "Sihem Loukil and Slim Kallel and Mohamed Jmaiel",
keywords = "Runtime models, Dynamically adaptive systems, Dynamic reconfiguration, Aspect oriented software development"
}
@article{CRUZ201846,
title = "ARSENAL-GSD: A framework for trust estimation in virtual teams based on sentiment analysis",
journal = "Information and Software Technology",
volume = "95",
pages = "46 - 61",
year = "2018",
issn = "0950-5849",
doi = "https://doi.org/10.1016/j.infsof.2017.10.016",
url = "http://www.sciencedirect.com/science/article/pii/S0950584916304517",
author = "Guilherme Augusto Maldonado da Cruz and Elisa Hatsue Moriya-Huzita and Valéria Delisandra Feltrim",
keywords = "Trust, Versioning system, Sentiment analysis, Virtual teams, Global software development"
}
@article{YAMAN2017195,
title = "Introducing continuous experimentation in large software-intensive product and service organisations",
journal = "Journal of Systems and Software",
volume = "133",
pages = "195 - 211",
year = "2017",
issn = "0164-1212",
doi = "https://doi.org/10.1016/j.jss.2017.07.009",
url = "http://www.sciencedirect.com/science/article/pii/S0164121217301474",
author = "Sezin Gizem Yaman and Myriam Munezero and Jürgen Münch and Fabian Fagerholm and Ossi Syd and Mika Aaltola and Christina Palmu and Tomi Männistö",
keywords = "Continuous experimentation, Experiment-driven software development, Product management, Agile software development, Lean software development, Lean startup"
}
@article{ANDERSON2010124,
title = "Supply-Side Dreams: Composition, Technology, and the Circular Logic of Class",
journal = "Computers and Composition",
volume = "27",
number = "2",
pages = "124 - 137",
year = "2010",
issn = "8755-4615",
doi = "https://doi.org/10.1016/j.compcom.2010.03.002",
url = "http://www.sciencedirect.com/science/article/pii/S8755461510000277",
author = "Virginia Anderson",
keywords = "Access, Class, Digital divide, Course management systems, Usability, Practice, Technological change, OSS"
}
@incollection{VUJOVIC2006185,
title = "9 - An Organizational Perspective on Free and Open Source Software Development",
editor = "Jürgen Bitzer and Philipp J.H. Schröder",
booktitle = "The Economics of Open Source Software Development",
publisher = "Elsevier",
address = "Amsterdam",
pages = "185 - 205",
year = "2006",
isbn = "978-0-444-52769-1",
doi = "https://doi.org/10.1016/B978-044452769-1/50009-3",
url = "http://www.sciencedirect.com/science/article/pii/B9780444527691500093",
author = "Sladjana Vujovic and John P. Ulhøi"
}
@article{FOX201563,
title = "OpenClinical.net: A platform for creating and sharing knowledge and promoting best practice in healthcare",
journal = "Computers in Industry",
volume = "66",
pages = "63 - 72",
year = "2015",
issn = "0166-3615",
doi = "https://doi.org/10.1016/j.compind.2014.10.001",
url = "http://www.sciencedirect.com/science/article/pii/S0166361514001791",
author = "John Fox and Marc Gutenstein and Omar Khan and Matthew South and Richard Thomson",
keywords = "Decision support systems, Artificial Intelligence, Workflow management, Decision theory, Knowledge sharing"
}
@article{SAVOLAINEN201532,
title = "When did your project start? – The software supplier's perspective",
journal = "Journal of Systems and Software",
volume = "104",
pages = "32 - 40",
year = "2015",
issn = "0164-1212",
doi = "https://doi.org/10.1016/j.jss.2015.02.041",
url = "http://www.sciencedirect.com/science/article/pii/S0164121215000473",
author = "Paula Savolainen and Jarmo J. Ahonen and Ita Richardson",
keywords = "Project management, Software development project, Project start-up"
}
@article{COLE2017300,
title = "Crowd-sourcing prosodic annotation",
journal = "Computer Speech & Language",
volume = "45",
pages = "300 - 325",
year = "2017",
issn = "0885-2308",
doi = "https://doi.org/10.1016/j.csl.2017.02.008",
url = "http://www.sciencedirect.com/science/article/pii/S0885230816302455",
author = "Jennifer Cole and Timothy Mahrt and Joseph Roy",
keywords = "Prosody, Annotation, Crowd-sourcing, Generalized mixed effects model, Inter-rater reliability, Speech transcription"
}
@article{STEWART2016423,
title = "CoAXs: A Collaborative Accessibility-based Stakeholder Engagement System for communicating transport impacts",
journal = "Research in Transportation Economics",
volume = "59",
pages = "423 - 433",
year = "2016",
note = "Competition and Ownership in Land Passenger Transport (selected papers from the Thredbo 14 conference)",
issn = "0739-8859",
doi = "https://doi.org/10.1016/j.retrec.2016.07.016",
url = "http://www.sciencedirect.com/science/article/pii/S0739885915301037",
author = "Anson F. Stewart and P. Christopher Zegras",
keywords = "Mass transit, Urban transportation systems, Land use, Project evaluation, Accessibility, Spatial visualization, Public involvement, Co-creation"
}
@article{CERMAK2017,
title = "Practical verification of multi-agent systems against Slk specifications",
journal = "Information and Computation",
year = "2017",
issn = "0890-5401",
doi = "https://doi.org/10.1016/j.ic.2017.09.011",
url = "http://www.sciencedirect.com/science/article/pii/S0890540117301700",
author = "Petr Čermák and Alessio Lomuscio and Fabio Mogavero and Aniello Murano",
keywords = "Model checking, Strategy Logic, Multi-agent systems, Formal verification"
}
@article{KROEGER2014252,
title = "Understanding the characteristics of quality for software engineering processes: A Grounded Theory investigation",
journal = "Information and Software Technology",
volume = "56",
number = "2",
pages = "252 - 271",
year = "2014",
issn = "0950-5849",
doi = "https://doi.org/10.1016/j.infsof.2013.10.003",
url = "http://www.sciencedirect.com/science/article/pii/S0950584913001912",
author = "Trent A. Kroeger and Neil J. Davidson and Stephen C. Cook",
keywords = "Software engineering processes, Quality attributes, Quality properties, Grounded Theory"
}
@article{LICORISH2017364,
title = "Exploring software developers’ work practices: Task differences, participation, engagement, and speed of task resolution",
journal = "Information & Management",
volume = "54",
number = "3",
pages = "364 - 382",
year = "2017",
issn = "0378-7206",
doi = "https://doi.org/10.1016/j.im.2016.09.005",
url = "http://www.sciencedirect.com/science/article/pii/S0378720616301720",
author = "Sherlock A. Licorish and Stephen G. MacDonell",
keywords = "Software developers, Task differences, Participation and engagement, Speed of task resolution, Mining software repositories, Empirical studies"
}
@article{GHOBADI2013138,
title = "Modeling High-Quality Knowledge Sharing in cross-functional software development teams",
journal = "Information Processing & Management",
volume = "49",
number = "1",
pages = "138 - 157",
year = "2013",
issn = "0306-4573",
doi = "https://doi.org/10.1016/j.ipm.2012.07.001",
url = "http://www.sciencedirect.com/science/article/pii/S0306457312000775",
author = "Shahla Ghobadi and John D’Ambra",
keywords = "Knowledge management, Knowledge transfer, Knowledge sharing, Cooperation, Competition, Coopetition, Co-opetition, Cross-functionality, Software development teams, Multi-party software development teams"
}
@article{RODRIGUEZELIAS2008481,
title = "A framework to analyze information systems as knowledge flow facilitators",
journal = "Information and Software Technology",
volume = "50",
number = "6",
pages = "481 - 498",
year = "2008",
issn = "0950-5849",
doi = "https://doi.org/10.1016/j.infsof.2007.07.002",
url = "http://www.sciencedirect.com/science/article/pii/S0950584907000754",
author = "Oscar M. Rodríguez-Elias and Ana I. Martínez-García and Aurora Vizcaíno and Jesús Favela and Mario Piattini",
keywords = "Knowledge management systems, Analysis of technologies, Knowledge management in software engineering, Knowledge flow"
}
@article{DEWIN20091152,
title = "On the secure software development process: CLASP, SDL and Touchpoints compared",
journal = "Information and Software Technology",
volume = "51",
number = "7",
pages = "1152 - 1171",
year = "2009",
note = "Special Section: Software Engineering for Secure Systems",
issn = "0950-5849",
doi = "https://doi.org/10.1016/j.infsof.2008.01.010",
url = "http://www.sciencedirect.com/science/article/pii/S0950584908000281",
author = "Bart De Win and Riccardo Scandariato and Koen Buyens and Johan Grégoire and Wouter Joosen",
keywords = "Secure software, Software process, SDL, CLASP, Touchpoints"
}
@article{GILAL2016105,
title = "A rule-based model for software development team composition: Team leader role with personality types and gender classification",
journal = "Information and Software Technology",
volume = "74",
pages = "105 - 113",
year = "2016",
issn = "0950-5849",
doi = "https://doi.org/10.1016/j.infsof.2016.02.007",
url = "http://www.sciencedirect.com/science/article/pii/S0950584916300258",
author = "Abdul Rehman Gilal and Jafreezal Jaafar and Mazni Omar and Shuib Basri and Ahmad Waqas",
keywords = "Human aspects, Personality types, Myers–Briggs Type Indicator, Team leader, Gender, Software development, Team composition, Rule-based"
}
@article{RIEGER201843,
title = "A process-oriented modeling approach for graphical development of mobile business apps",
journal = "Computer Languages, Systems & Structures",
volume = "53",
pages = "43 - 58",
year = "2018",
issn = "1477-8424",
doi = "https://doi.org/10.1016/j.cl.2018.01.001",
url = "http://www.sciencedirect.com/science/article/pii/S1477842417301215",
author = "Christoph Rieger and Herbert Kuchen",
keywords = "Graphical DSL, Mobile application, Business app, Model-driven software development, Data model inference"
}
@article{CHAVESGONZALEZ20151,
title = "Differential evolution with Pareto tournament for the multi-objective next release problem",
journal = "Applied Mathematics and Computation",
volume = "252",
pages = "1 - 13",
year = "2015",
issn = "0096-3003",
doi = "https://doi.org/10.1016/j.amc.2014.11.093",
url = "http://www.sciencedirect.com/science/article/pii/S0096300314016257",
author = "José M. Chaves-González and Miguel A. Pérez-Toledano",
keywords = "Software requirements selection, Multi-objective evolutionary algorithm, Differential evolution metaheuristic, Search Based Software Engineering, Next release problem"
}
@article{NIDHRA2013333,
title = "Knowledge transfer challenges and mitigation strategies in global software development—A systematic literature review and industrial validation",
journal = "International Journal of Information Management",
volume = "33",
number = "2",
pages = "333 - 355",
year = "2013",
issn = "0268-4012",
doi = "https://doi.org/10.1016/j.ijinfomgt.2012.11.004",
url = "http://www.sciencedirect.com/science/article/pii/S0268401212001466",
author = "Srinivas Nidhra and Muralidhar Yanamadala and Wasif Afzal and Richard Torkar",
keywords = "Knowledge transfer, Global software development, Systematic literature review, Interviews"
}
@article{SHIDA20151738,
title = "Knowledge Construction for Efficient Man-month Estimation in Software Development",
journal = "Procedia Computer Science",
volume = "60",
pages = "1738 - 1744",
year = "2015",
note = "Knowledge-Based and Intelligent Information & Engineering Systems 19th Annual Conference, KES-2015, Singapore, September 2015 Proceedings",
issn = "1877-0509",
doi = "https://doi.org/10.1016/j.procs.2015.08.283",
url = "http://www.sciencedirect.com/science/article/pii/S1877050915024102",
author = "Tsuyoshi Shida and Yoshikatsu Fujita and Kazuhiko Tsuda",
keywords = "Software estimateion, Variation factor"
}
@article{FAEGRI20101118,
title = "Introducing knowledge redundancy practice in software development: Experiences with job rotation in support work",
journal = "Information and Software Technology",
volume = "52",
number = "10",
pages = "1118 - 1132",
year = "2010",
issn = "0950-5849",
doi = "https://doi.org/10.1016/j.infsof.2010.06.002",
url = "http://www.sciencedirect.com/science/article/pii/S0950584910001011",
author = "Tor Erlend Fægri and Tore Dybå and Torgeir Dingsøyr",
keywords = "Job rotation, Personnel rotation, Empirical software engineering, Agile organizations, Organizational learning, Software development"
}
@article{AYALA2011620,
title = "Selection of third party software in Off-The-Shelf-based software development—An interview study with industrial practitioners",
journal = "Journal of Systems and Software",
volume = "84",
number = "4",
pages = "620 - 637",
year = "2011",
note = "The Ninth International Conference on Quality Software",
issn = "0164-1212",
doi = "https://doi.org/10.1016/j.jss.2010.10.019",
url = "http://www.sciencedirect.com/science/article/pii/S0164121210002864",
author = "Claudia Ayala and Øyvind Hauge and Reidar Conradi and Xavier Franch and Jingyue Li",
keywords = "Software engineering, Software reuse, Empirical study, Off-The-Shelf-based software development, Component selection"
}
@article{YAMAMOTO20141718,
title = "A Knowledge Integration Approach of Safety-critical Software Development and Operation based on the Method Architecture",
journal = "Procedia Computer Science",
volume = "35",
pages = "1718 - 1727",
year = "2014",
note = "Knowledge-Based and Intelligent Information & Engineering Systems 18th Annual Conference, KES-2014 Gdynia, Poland, September 2014 Proceedings",
issn = "1877-0509",
doi = "https://doi.org/10.1016/j.procs.2014.08.265",
url = "http://www.sciencedirect.com/science/article/pii/S1877050914012307",
author = "Shuichiro Yamamoto",
keywords = "Knowledge Integration, Safety Critical Software, Development and Operation, Method Architecture"
}
@article{MEJIA20163,
title = "Reinforcing the applicability of multi-model environments for software process improvement using knowledge management",
journal = "Science of Computer Programming",
volume = "121",
pages = "3 - 15",
year = "2016",
note = "Special Issue on Knowledge-based Software Engineering",
issn = "0167-6423",
doi = "https://doi.org/10.1016/j.scico.2015.12.002",
url = "http://www.sciencedirect.com/science/article/pii/S016764231500413X",
author = "Jezreel Mejia and Edrisi Muñoz and Mirna Muñoz",
keywords = "Software process improvement, Knowledge management, Multi-model environments, Ontological models"
}
@article{VERWEIJ20102167,
title = "An IT perspective on integrated environmental modelling: The SIAT case",
journal = "Ecological Modelling",
volume = "221",
number = "18",
pages = "2167 - 2176",
year = "2010",
note = "Model-based Systems to Support Impact Assessment - Methods, Tools and Applications",
issn = "0304-3800",
doi = "https://doi.org/10.1016/j.ecolmodel.2010.01.006",
url = "http://www.sciencedirect.com/science/article/pii/S0304380010000451",
author = "P.J.F.M. Verweij and M.J.R. Knapen and W.P. de Winter and J.J.F. Wien and J.A. te Roller and S. Sieber and J.M.L. Jansen",
keywords = "Software development process, Software architecture, Modelling, Integrated assessment, Assessment tool"
}
@article{PANOV2016900,
title = "Generic ontology of datatypes",
journal = "Information Sciences",
volume = "329",
pages = "900 - 920",
year = "2016",
note = "Special issue on Discovery Science",
issn = "0020-0255",
doi = "https://doi.org/10.1016/j.ins.2015.08.006",
url = "http://www.sciencedirect.com/science/article/pii/S0020025515005800",
author = "Panče Panov and Larisa N. Soldatova and Sašo Džeroski",
keywords = "Data type, Data mining, Ontology, Knowledge representation"
}
@article{DEMENTIEV2015289,
title = "Pedagogical Aspects of Applied Software Packages and Computer Technologies Use in Student's Education",
journal = "Procedia - Social and Behavioral Sciences",
volume = "206",
pages = "289 - 294",
year = "2015",
note = "XVth International Conference "Linguistic and Cultural Studies: Traditions and Innovations"",
issn = "1877-0428",
doi = "https://doi.org/10.1016/j.sbspro.2015.10.050",
url = "http://www.sciencedirect.com/science/article/pii/S1877042815051836",
author = "Yury Dementiev and Lev Burulko and Elena Suvorkova",
keywords = "Applied software packages, educational process, disciplines, computer modelling"
}
@incollection{TIRINO2015205,
title = "Chapter 18 - Stemness markers of osteosarcoma",
editor = "Dominique Heymann",
booktitle = "Bone Cancer (Second Edition)",
publisher = "Academic Press",
edition = "Second Edition",
address = "San Diego",
pages = "205 - 211",
year = "2015",
isbn = "978-0-12-416721-6",
doi = "https://doi.org/10.1016/B978-0-12-416721-6.00018-2",
url = "http://www.sciencedirect.com/science/article/pii/B9780124167216000182",
author = "Virginia Tirino and Francesca Paino and Federica Papaccio and Marcella La Noce and Gianpaolo Papaccio and Vincenzo Desiderio",
keywords = "osteosarcoma, cancer stem cells, flow cytometry, stemness markers, CD133, ALDH"
}
@article{PAUL201520,
title = "Interruptive notifications in support of task management",
journal = "International Journal of Human-Computer Studies",
volume = "79",
pages = "20 - 34",
year = "2015",
note = "Integrating Knowledge of Multitasking and Interruptions Across Different Perspectives and Research Methods",
issn = "1071-5819",
doi = "https://doi.org/10.1016/j.ijhcs.2015.02.001",
url = "http://www.sciencedirect.com/science/article/pii/S1071581915000245",
author = "Celeste Lyn Paul and Anita Komlodi and Wayne Lutters",
keywords = "Interruption, Multitasking, Notification, Task management, User experience"
}
@article{GARCIAHOLGADO201620,
title = "Architectural pattern to improve the definition and implementation of eLearning ecosystems",
journal = "Science of Computer Programming",
volume = "129",
pages = "20 - 34",
year = "2016",
note = "Special issue on eLearning Software Architectures",
issn = "0167-6423",
doi = "https://doi.org/10.1016/j.scico.2016.03.010",
url = "http://www.sciencedirect.com/science/article/pii/S0167642316300259",
author = "Alicia García-Holgado and Francisco José García-Peñalvo",
keywords = "eLearning ecosystems, Information systems, Architectural pattern, Software engineering, Open Source software"
}
@article{JORGENSEN200437,
title = "A review of studies on expert estimation of software development effort",
journal = "Journal of Systems and Software",
volume = "70",
number = "1",
pages = "37 - 60",
year = "2004",
issn = "0164-1212",
doi = "https://doi.org/10.1016/S0164-1212(02)00156-5",
url = "http://www.sciencedirect.com/science/article/pii/S0164121202001565",
author = "M. Jørgensen",
keywords = "Software development, Effort estimation, Expert judgment, Project planning"
}
@article{LUISBUSTAMANTE20173,
title = "Player: An open source tool to simulate complex maritime environments to evaluate data fusion performance",
journal = "Simulation Modelling Practice and Theory",
volume = "76",
pages = "3 - 21",
year = "2017",
note = "High-Performance Modelling and Simulation for Big Data Applications",
issn = "1569-190X",
doi = "https://doi.org/10.1016/j.simpat.2017.04.002",
url = "http://www.sciencedirect.com/science/article/pii/S1569190X17300710",
author = "Alvaro Luis Bustamante and José Manuel Molina López and Jesús García Herrero",
keywords = "Data fusion, Maritime surveillance, Simulation, Sensors, Evaluation, Performance"
}
@article{WALTERS2004415,
title = "Structuring professional cooperation",
journal = "Information and Software Technology",
volume = "46",
number = "6",
pages = "415 - 421",
year = "2004",
issn = "0950-5849",
doi = "https://doi.org/10.1016/j.infsof.2003.08.004",
url = "http://www.sciencedirect.com/science/article/pii/S095058490300171X",
author = "H.R. Walters",
keywords = "Cooperation, Professional, Software development method, Process analysis method, Process structuring"
}
@article{BIEHL201790,
title = "Cyberinfrastructure for the collaborative development of U2U decision support tools",
journal = "Climate Risk Management",
volume = "15",
pages = "90 - 108",
year = "2017",
note = "Useful to Usable: Developing Usable Climate Science for Agriculture",
issn = "2212-0963",
doi = "https://doi.org/10.1016/j.crm.2016.10.003",
url = "http://www.sciencedirect.com/science/article/pii/S2212096316300833",
author = "Larry L. Biehl and Lan Zhao and Carol X. Song and Christopher G. Panza",
keywords = "Cyberinfrastructure, Web-based tools, Agricultural decision support tools, HUBzero"
}
@article{SARPE2017110,
title = "Supporting metabolomics with adaptable software: design architectures for the end-user",
journal = "Current Opinion in Biotechnology",
volume = "43",
pages = "110 - 117",
year = "2017",
note = "Analytical biotechnology",
issn = "0958-1669",
doi = "https://doi.org/10.1016/j.copbio.2016.11.001",
url = "http://www.sciencedirect.com/science/article/pii/S0958166916302439",
author = "Vladimir Sarpe and David C Schriemer"
}
@article{HOISL201749,
title = "Reusable and generic design decisions for developing UML-based domain-specific languages",
journal = "Information and Software Technology",
volume = "92",
pages = "49 - 74",
year = "2017",
issn = "0950-5849",
doi = "https://doi.org/10.1016/j.infsof.2017.07.008",
url = "http://www.sciencedirect.com/science/article/pii/S0950584917304536",
author = "Bernhard Hoisl and Stefan Sobernig and Mark Strembeck",
keywords = "Model-driven software development, Domain-specific language, Design decision, Design rationale, Unified modeling language, Survey"
}
@article{BOUKTIF20101298,
title = "A novel composite model approach to improve software quality prediction",
journal = "Information and Software Technology",
volume = "52",
number = "12",
pages = "1298 - 1311",
year = "2010",
issn = "0950-5849",
doi = "https://doi.org/10.1016/j.infsof.2010.07.003",
url = "http://www.sciencedirect.com/science/article/pii/S0950584910001291",
author = "Salah Bouktif and Faheem Ahmed and Issa Khalil and Giuliano Antoniol",
keywords = "Software quality prediction, Fault-proneness, Decision trees, Genetic algorithm"
}
@article{HILL200013,
title = "Experts' estimates of task durations in software development projects",
journal = "International Journal of Project Management",
volume = "18",
number = "1",
pages = "13 - 21",
year = "2000",
issn = "0263-7863",
doi = "https://doi.org/10.1016/S0263-7863(98)00062-3",
url = "http://www.sciencedirect.com/science/article/pii/S0263786398000623",
author = "J Hill and L.C Thomas and D.E Allen"
}
@article{DING2014545,
title = "Knowledge-based approaches in software documentation: A systematic literature review",
journal = "Information and Software Technology",
volume = "56",
number = "6",
pages = "545 - 567",
year = "2014",
issn = "0950-5849",
doi = "https://doi.org/10.1016/j.infsof.2014.01.008",
url = "http://www.sciencedirect.com/science/article/pii/S0950584914000196",
author = "Wei Ding and Peng Liang and Antony Tang and Hans van Vliet",
keywords = "Knowledge-based approach, Software documentation, Systematic literature review, Knowledge activity, Software architecture design"
}
@article{PUNZO201745,
title = "SlicerAstro: A 3-D interactive visual analytics tool for HI data",
journal = "Astronomy and Computing",
volume = "19",
pages = "45 - 59",
year = "2017",
issn = "2213-1337",
doi = "https://doi.org/10.1016/j.ascom.2017.03.004",
url = "http://www.sciencedirect.com/science/article/pii/S2213133717300173",
author = "D. Punzo and J.M. van der Hulst and J.B.T.M. Roerdink and J.C. Fillion-Robin and L. Yu",
keywords = "Radio lines: galaxies, Scientific visualization, Visual analytics, Agile software development, Object oriented development, Empirical software validation"
}
@article{GOYAL2018,
title = "Graph Embedding Techniques, Applications, and Performance: A Survey",
journal = "Knowledge-Based Systems",
year = "2018",
issn = "0950-7051",
doi = "https://doi.org/10.1016/j.knosys.2018.03.022",
url = "http://www.sciencedirect.com/science/article/pii/S0950705118301540",
author = "Palash Goyal and Emilio Ferrara",
keywords = "Graph embedding techniques, Graph embedding applications, Python Graph Embedding Methods GEM Library"
}
@article{CHAWLA2016712,
title = "Cloud-based automatic test data generation framework",
journal = "Journal of Computer and System Sciences",
volume = "82",
number = "5",
pages = "712 - 738",
year = "2016",
issn = "0022-0000",
doi = "https://doi.org/10.1016/j.jcss.2015.12.001",
url = "http://www.sciencedirect.com/science/article/pii/S0022000016000027",
author = "Priyanka Chawla and Inderveer Chana and Ajay Rana",
keywords = "Software testing, Cloud computing, MapReduce, Soft computing, Particle swarm optimization, Genetic algorithm, Pareto-optimal, Cloud-based testing"
}
@article{MORALES2017236,
title = "On the use of developers’ context for automatic refactoring of software anti-patterns",
journal = "Journal of Systems and Software",
volume = "128",
pages = "236 - 251",
year = "2017",
issn = "0164-1212",
doi = "https://doi.org/10.1016/j.jss.2016.05.042",
url = "http://www.sciencedirect.com/science/article/pii/S0164121216300632",
author = "Rodrigo Morales and Zéphyrin Soh and Foutse Khomh and Giuliano Antoniol and Francisco Chicano",
keywords = "Software maintenance, Automatic refactoring, Task context, Interaction traces, Anti-patterns, Metaheuristics"
}
@incollection{SUPAN201942,
title = "3 - Principles of Fabrication",
editor = "Joseph B. Webster and Douglas P. Murphy",
booktitle = "Atlas of Orthoses and Assistive Devices (Fifth Edition)",
publisher = "Content Repository Only!",
edition = "Fifth Edition",
address = "Philadelphia",
pages = "42 - 48.e1",
year = "2019",
isbn = "978-0-323-48323-0",
doi = "https://doi.org/10.1016/B978-0-323-48323-0.00003-2",
url = "http://www.sciencedirect.com/science/article/pii/B9780323483230000032",
author = "Terry J. Supan",
keywords = "Custom-Made Orthoses, Orthotic Fabrication, Prepreg Lamination, CAD/CAM Fabrication, Scanning, Additive Manufacturing, 3D Printing"
}
@article{PELLERIN201793,
title = "RINGMesh: A programming library for developing mesh-based geomodeling applications",
journal = "Computers & Geosciences",
volume = "104",
pages = "93 - 100",
year = "2017",
issn = "0098-3004",
doi = "https://doi.org/10.1016/j.cageo.2017.03.005",
url = "http://www.sciencedirect.com/science/article/pii/S0098300417302637",
author = "Jeanne Pellerin and Arnaud Botella and François Bonneau and Antoine Mazuyer and Benjamin Chauvin and Bruno Lévy and Guillaume Caumon",
keywords = "Structural model, Geology, BRep, Unstructured meshes, C++, Open-source"
}
@article{STELLY2017S39,
title = "SCARF: A container-based approach to cloud-scale digital forensic processing",
journal = "Digital Investigation",
volume = "22",
pages = "S39 - S47",
year = "2017",
issn = "1742-2876",
doi = "https://doi.org/10.1016/j.diin.2017.06.008",
url = "http://www.sciencedirect.com/science/article/pii/S1742287617301950",
author = "Christopher Stelly and Vassil Roussev",
keywords = "Real-time forensics, Large-scale forensics, Containers, Cloud computing, SCARF"
}
@article{GUOWEI201218,
title = "Research and Practice on “Triple-driven” Based Software Development Practical Teaching System",
journal = "IERI Procedia",
volume = "2",
pages = "18 - 23",
year = "2012",
note = "International Conference on Future Computer Supported Education, August 22- 23, 2012,Fraser Place Central - Seoul",
issn = "2212-6678",
doi = "https://doi.org/10.1016/j.ieri.2012.06.045",
url = "http://www.sciencedirect.com/science/article/pii/S2212667812000536",
author = "Tang Guowei and Guo Lingling and Fu Yu and Li Jinghui and Zhao Wanping",
keywords = "triple-driven, practical teaching, software development"
}
@article{JORGENSEN2016274,
title = "Unit effects in software project effort estimation: Work-hours gives lower effort estimates than workdays",
journal = "Journal of Systems and Software",
volume = "117",
pages = "274 - 281",
year = "2016",
issn = "0164-1212",
doi = "https://doi.org/10.1016/j.jss.2016.03.048",
url = "http://www.sciencedirect.com/science/article/pii/S0164121216300085",
author = "Magne Jørgensen",
keywords = "Effort estimation, Judgment bias, Effort unit"
}
@article{KOSTAKIS2015118,
title = "Open source 3D printing as a means of learning: An educational experiment in two high schools in Greece",
journal = "Telematics and Informatics",
volume = "32",
number = "1",
pages = "118 - 128",
year = "2015",
issn = "0736-5853",
doi = "https://doi.org/10.1016/j.tele.2014.05.001",
url = "http://www.sciencedirect.com/science/article/pii/S0736585314000343",
author = "Vasilis Kostakis and Vasilis Niaros and Christos Giotitsas",
keywords = "3D printing, Collaboration, Education, Open source, Constructionism"
}
@article{PORTILLORODRIGUEZ2012663,
title = "Tools used in Global Software Engineering: A systematic mapping review",
journal = "Information and Software Technology",
volume = "54",
number = "7",
pages = "663 - 685",
year = "2012",
issn = "0950-5849",
doi = "https://doi.org/10.1016/j.infsof.2012.02.006",
url = "http://www.sciencedirect.com/science/article/pii/S0950584912000493",
author = "Javier Portillo-Rodríguez and Aurora Vizcaíno and Mario Piattini and Sarah Beecham",
keywords = "Global Software Development, Distributed Software Engineering, Tool, Systematic Mapping Study"
}
@article{FOX1998157,
title = "Disseminating medical knowledge: the PROforma approach",
journal = "Artificial Intelligence in Medicine",
volume = "14",
number = "1",
pages = "157 - 182",
year = "1998",
note = "Selected Papers from AIME '97",
issn = "0933-3657",
doi = "https://doi.org/10.1016/S0933-3657(98)00021-9",
url = "http://www.sciencedirect.com/science/article/pii/S0933365798000219",
author = "John Fox and Nicky Johns and Ali Rahmanzadeh",
keywords = "Medicine, Knowledge representation, Proformalisation, Software engineering, Formal methods, Decision making, Planning, Uncertainty"
}
@article{YU2014911,
title = "Understanding agile software development practices using shared mental models theory",
journal = "Information and Software Technology",
volume = "56",
number = "8",
pages = "911 - 921",
year = "2014",
issn = "0950-5849",
doi = "https://doi.org/10.1016/j.infsof.2014.02.010",
url = "http://www.sciencedirect.com/science/article/pii/S0950584914000524",
author = "Xiaodan Yu and Stacie Petter",
keywords = "Agile software development, Agile practices, Shared mental models theory, Extreme programming, Scrum"
}
@article{AZZINI201821,
title = "Dragonfly: A multi-platform parallel toolbox for MATLAB/Octave",
journal = "Computer Languages, Systems & Structures",
volume = "52",
pages = "21 - 42",
year = "2018",
issn = "1477-8424",
doi = "https://doi.org/10.1016/j.cl.2017.10.002",
url = "http://www.sciencedirect.com/science/article/pii/S1477842417300660",
author = "Ivano Azzini and Ronal Muresano and Marco Ratto",
keywords = "Parallel tool, Efficiency, High-performance computing (HPC), Performance metrics, MATLAB and Octave executions, Multi-platform"
}
@article{PARRA2015180,
title = "A methodology for the classification of quality of requirements using machine learning techniques",
journal = "Information and Software Technology",
volume = "67",
pages = "180 - 195",
year = "2015",
issn = "0950-5849",
doi = "https://doi.org/10.1016/j.infsof.2015.07.006",
url = "http://www.sciencedirect.com/science/article/pii/S0950584915001299",
author = "Eugenio Parra and Christos Dimou and Juan Llorens and Valentín Moreno and Anabel Fraga",
keywords = "Software engineering, Requirements engineering, Requirements quality, Machine learning"
}
@article{YAO2003145,
title = "An Architecture for Intelligent Knowledge-Based Supervisory Control of Rolling Mills",
journal = "IFAC Proceedings Volumes",
volume = "36",
number = "24",
pages = "145 - 150",
year = "2003",
note = "IFAC Workshop on New Technologies for Automation of the Metallurgical Industry 2003, Shanghai, PR China, 11-13 October 2003",
issn = "1474-6670",
doi = "https://doi.org/10.1016/S1474-6670(17)37619-X",
url = "http://www.sciencedirect.com/science/article/pii/S147466701737619X",
author = "L. Yao and W. Browne and I. Postlethwaite and T. Ozen and P. Atack and M. Mar and S. Lowes",
keywords = "Expert System, Rolling Mill Control, Supervisory Control, Intelligent Knowledge-based Systems, Software Engineering, Integrated Plant Control"
}
@article{VIDONI2015326,
title = "A systemic approach to define and characterize Advanced Planning Systems (APS)",
journal = "Computers & Industrial Engineering",
volume = "90",
pages = "326 - 338",
year = "2015",
issn = "0360-8352",
doi = "https://doi.org/10.1016/j.cie.2015.10.006",
url = "http://www.sciencedirect.com/science/article/pii/S036083521500399X",
author = "Melina C. Vidoni and Aldo R. Vecchietti",
keywords = "ERP, APS, Advanced Planning System, Requirements, Architecture"
}
@article{SAVOLAINEN201592,
title = "Knowledge lost: Challenges in changing project manager between sales and implementation in software projects",
journal = "International Journal of Project Management",
volume = "33",
number = "1",
pages = "92 - 102",
year = "2015",
issn = "0263-7863",
doi = "https://doi.org/10.1016/j.ijproman.2014.04.003",
url = "http://www.sciencedirect.com/science/article/pii/S0263786314000581",
author = "Paula Savolainen and Jarmo J. Ahonen",
keywords = "Software development, Knowledge management, Project management, Project start-up, Supplier, Customer"
}
@incollection{PEARCE201459,
title = "Chapter 4 - Open-Source Microcontrollers for Science: How to Use, Design Automated Equipment With and Troubleshoot",
editor = "Joshua M. Pearce",
booktitle = "Open-Source Lab",
publisher = "Elsevier",
address = "Boston",
pages = "59 - 93",
year = "2014",
isbn = "978-0-12-410462-4",
doi = "https://doi.org/10.1016/B978-0-12-410462-4.00004-4",
url = "http://www.sciencedirect.com/science/article/pii/B9780124104624000044",
author = "Joshua M. Pearce",
keywords = "Arduino, Controls, Electronics prototyping, Electronics, Environmental chamber, Microcontroller, Open-source hardware, Open-source microcontrollers"
}
@incollection{NIEVERGELT199317,
title = "Exploring the Interaction between Software and Knowledge Engineering using a Computer Game-Playing Lab",
editor = "B.Z. BARTA and S.L. HUNG and K.R. COX",
booktitle = "Software Engineering Education",
publisher = "Elsevier",
address = "Amsterdam",
pages = "17 - 28",
year = "1993",
series = "IFIP Transactions A: Computer Science and Technology",
isbn = "978-0-444-81597-2",
doi = "https://doi.org/10.1016/B978-0-444-81597-2.50008-5",
url = "http://www.sciencedirect.com/science/article/pii/B9780444815972500085",
author = "Jurg Nievergelt"
}
@article{FRASER2015311,
title = "A Memetic Algorithm for whole test suite generation",
journal = "Journal of Systems and Software",
volume = "103",
pages = "311 - 327",
year = "2015",
issn = "0164-1212",
doi = "https://doi.org/10.1016/j.jss.2014.05.032",
url = "http://www.sciencedirect.com/science/article/pii/S0164121214001216",
author = "Gordon Fraser and Andrea Arcuri and Phil McMinn",
keywords = "Search-based software engineering, Object-oriented, Evolutionary testing"
}
@incollection{ELSNER2015451,
title = "Chapter 15 - The Information Economy and the Open-Source Principle",
editor = "Wolfram Elsner and Torsten Heinrich and Henning Schwardt",
booktitle = "The Microeconomics of Complex Economies",
publisher = "Academic Press",
address = "San Diego",
pages = "451 - 471",
year = "2015",
isbn = "978-0-12-411585-9",
doi = "https://doi.org/10.1016/B978-0-12-411585-9.00015-4",
url = "http://www.sciencedirect.com/science/article/pii/B9780124115859000154",
author = "Wolfram Elsner and Torsten Heinrich and Henning Schwardt",
keywords = "Information and communication technologies, IT economy, open source, open standards, network externalities and network technologies, path dependence, replicator dynamics, compatibility and incompatibility, software piracy, gift economy, D23, L17, L86"
}
@article{VIDAL20123810,
title = "Building an expert system to assist system refactorization",
journal = "Expert Systems with Applications",
volume = "39",
number = "3",
pages = "3810 - 3816",
year = "2012",
issn = "0957-4174",
doi = "https://doi.org/10.1016/j.eswa.2011.09.084",
url = "http://www.sciencedirect.com/science/article/pii/S0957417411014072",
author = "Santiago A. Vidal and Claudia A. Marcos",
keywords = "Interface agents, Expert systems, Aspect-oriented software development, Aspect refactoring"
}
@incollection{KANADE2018,
title = "Event-Based Concurrency: Applications, Abstractions, and Analyses",
series = "Advances in Computers",
publisher = "Elsevier",
year = "2018",
issn = "0065-2458",
doi = "https://doi.org/10.1016/bs.adcom.2017.12.006",
url = "http://www.sciencedirect.com/science/article/pii/S006524581730058X",
author = "Aditya Kanade",
keywords = "Threads, Events, Concurrency, Asynchrony, Bug detection, Verification"
}
@article{ADEWUMI201388,
title = "A Review of Models for Evaluating Quality in Open Source Software",
journal = "IERI Procedia",
volume = "4",
pages = "88 - 92",
year = "2013",
note = "2013 International Conference on Electronic Engineering and Computer Science (EECS 2013)",
issn = "2212-6678",
doi = "https://doi.org/10.1016/j.ieri.2013.11.014",
url = "http://www.sciencedirect.com/science/article/pii/S2212667813000178",
author = "Adewole Adewumi and Sanjay Misra and Nicholas Omoregbe",
keywords = "FLOSS, Open source software, Quality models"
}
@article{ZUPPIROLI20131687,
title = "Laboratory Experiences in Software Engineering from a Constructivist Perspective",
journal = "Procedia - Social and Behavioral Sciences",
volume = "106",
pages = "1687 - 1691",
year = "2013",
note = "4th International Conference on New Horizons in Education",
issn = "1877-0428",
doi = "https://doi.org/10.1016/j.sbspro.2013.12.191",
url = "http://www.sciencedirect.com/science/article/pii/S1877042813048143",
author = "Sara Zuppiroli and Maurizio Gabbrielli and Paolo Ciancarini",
keywords = "Constructivism, Software Engineering, Computer Science"
}
@article{SAFDAR201779,
title = "Who can I ask? How psychological safety affects knowledge sourcing among new product development team members",
journal = "The Journal of High Technology Management Research",
volume = "28",
number = "1",
pages = "79 - 92",
year = "2017",
issn = "1047-8310",
doi = "https://doi.org/10.1016/j.hitech.2017.04.006",
url = "http://www.sciencedirect.com/science/article/pii/S104783101730007X",
author = "Umar Safdar and Yuosre F. Badir and Bilal Afsar",
keywords = "Psychological safety, Sources of knowledge, Search behavior, New product development, Teams"
}
@article{SIEGLE201553,
title = "Neural ensemble communities: open-source approaches to hardware for large-scale electrophysiology",
journal = "Current Opinion in Neurobiology",
volume = "32",
pages = "53 - 59",
year = "2015",
note = "Large-Scale Recording Technology (32)",
issn = "0959-4388",
doi = "https://doi.org/10.1016/j.conb.2014.11.004",
url = "http://www.sciencedirect.com/science/article/pii/S0959438814002268",
author = "Joshua H Siegle and Gregory J Hale and Jonathan P Newman and Jakob Voigts"
}
@article{BABUR20151088,
title = "A Survey of Open Source Multiphysics Frameworks in Engineering",
journal = "Procedia Computer Science",
volume = "51",
pages = "1088 - 1097",
year = "2015",
note = "International Conference On Computational Science, ICCS 2015",
issn = "1877-0509",
doi = "https://doi.org/10.1016/j.procs.2015.05.273",
url = "http://www.sciencedirect.com/science/article/pii/S1877050915010819",
author = "Önder Babur and Vit Smilauer and Tom Verhoeff and Mark van den Brand",
keywords = "Multiphysics, Multiscale, Modelling and Simulation, Domain Analysis, Feature Model"
}
@article{ARCURI20113494,
title = "Evolutionary repair of faulty software",
journal = "Applied Soft Computing",
volume = "11",
number = "4",
pages = "3494 - 3514",
year = "2011",
issn = "1568-4946",
doi = "https://doi.org/10.1016/j.asoc.2011.01.023",
url = "http://www.sciencedirect.com/science/article/pii/S1568494611000330",
author = "Andrea Arcuri",
keywords = "Repair, Fault localization, Automated debugging, Genetic programming, Search Based Software Engineering, Coevolution"
}
@article{PHELPS2016201,
title = "Correlates of cave-roosting bat diversity as an effective tool to identify priority caves",
journal = "Biological Conservation",
volume = "201",
pages = "201 - 209",
year = "2016",
issn = "0006-3207",
doi = "https://doi.org/10.1016/j.biocon.2016.06.023",
url = "http://www.sciencedirect.com/science/article/pii/S0006320716302476",
author = "Kendra Phelps and Reizl Jose and Marina Labonite and Tigga Kingston",
keywords = "Cave disturbance, Site prioritization, Mvabund, Keystone species, Chiroptera, Conservation planning"
}
@article{ORLANDO2018115,
title = "An ensemble deep learning based approach for red lesion detection in fundus images",
journal = "Computer Methods and Programs in Biomedicine",
volume = "153",
pages = "115 - 127",
year = "2018",
issn = "0169-2607",
doi = "https://doi.org/10.1016/j.cmpb.2017.10.017",
url = "http://www.sciencedirect.com/science/article/pii/S0169260717307897",
author = "José Ignacio Orlando and Elena Prokofyeva and Mariana del Fresno and Matthew B. Blaschko",
keywords = "Fundus images, Diabetic retinopathy, Red lesion detection, Deep learning"
}
@incollection{VILLEGAS201717,
title = "Chapter 2 - Architecting Software Systems for Runtime Self-Adaptation: Concepts, Models, and Challenges",
editor = "Ivan Mistrik and Nour Ali and Rick Kazman and John Grundy and Bradley Schmerl",
booktitle = "Managing Trade-Offs in Adaptable Software Architectures",
publisher = "Morgan Kaufmann",
address = "Boston",
pages = "17 - 43",
year = "2017",
isbn = "978-0-12-802855-1",
doi = "https://doi.org/10.1016/B978-0-12-802855-1.00002-2",
url = "http://www.sciencedirect.com/science/article/pii/B9780128028551000022",
author = "N.M. Villegas and G. Tamura and H.A. Müller",
keywords = "Software adaptation, Software self-adaptation, Software adaptability, Self-adaptive software systems, Dynamic reconfiguration, Runtime adaptation, Architecting for self-adaptation"
}
@article{KLEIN201499,
title = "Exchange of Knowledge in Customized Product Development Processes",
journal = "Procedia CIRP",
volume = "21",
pages = "99 - 104",
year = "2014",
note = "24th CIRP Design Conference",
issn = "2212-8271",
doi = "https://doi.org/10.1016/j.procir.2014.03.149",
url = "http://www.sciencedirect.com/science/article/pii/S221282711400691X",
author = "Patrick Klein and Dante Pugliese and Johannes Lützenberger and Giorgio Colombo and Klaus-Dieter Thoben",
keywords = "Knowledge Based Engineering, Product Development, Knowledge Mangement, Knowledge Engineer, Customized Product Development"
}
@article{CELIK20112169,
title = "Simulation-based workforce assignment in a multi-organizational social network for alliance-based software development",
journal = "Simulation Modelling Practice and Theory",
volume = "19",
number = "10",
pages = "2169 - 2188",
year = "2011",
issn = "1569-190X",
doi = "https://doi.org/10.1016/j.simpat.2011.07.004",
url = "http://www.sciencedirect.com/science/article/pii/S1569190X11001250",
author = "Nurcin Celik and Seungho Lee and Esfandyar Mazhari and Young-Jun Son and Robin Lemaire and Keith G. Provan",
keywords = "Organizational management and networks, Task control and modeling, Software process, Workforce assignment, Distributed/global software development"
}
@article{LEI201759,
title = "A statistical analysis of the effects of Scrum and Kanban on software development projects",
journal = "Robotics and Computer-Integrated Manufacturing",
volume = "43",
pages = "59 - 67",
year = "2017",
note = "Special Issue: Extended Papers Selected from FAIM 2014",
issn = "0736-5845",
doi = "https://doi.org/10.1016/j.rcim.2015.12.001",
url = "http://www.sciencedirect.com/science/article/pii/S0736584515301599",
author = "Howard Lei and Farnaz Ganjeizadeh and Pradeep Kumar Jayachandran and Pinar Ozcan",
keywords = "Project management factors for software development, Agile movement, Scrum methodology, Kanban methodology"
}
@article{HUO2016197,
title = "Consistent cortical reconstruction and multi-atlas brain segmentation",
journal = "NeuroImage",
volume = "138",
pages = "197 - 210",
year = "2016",
issn = "1053-8119",
doi = "https://doi.org/10.1016/j.neuroimage.2016.05.030",
url = "http://www.sciencedirect.com/science/article/pii/S1053811916301501",
author = "Yuankai Huo and Andrew J. Plassard and Aaron Carass and Susan M. Resnick and Dzung L. Pham and Jerry L. Prince and Bennett A. Landman",
keywords = "Multi-atlas segmentation, Magnetic resonance imaging, Cerebral cortex, Cortical reconstruction"
}
@article{CRUZES2011440,
title = "Research synthesis in software engineering: A tertiary study",
journal = "Information and Software Technology",
volume = "53",
number = "5",
pages = "440 - 455",
year = "2011",
note = "Special Section on Best Papers from XP2010",
issn = "0950-5849",
doi = "https://doi.org/10.1016/j.infsof.2011.01.004",
url = "http://www.sciencedirect.com/science/article/pii/S095058491100005X",
author = "Daniela S. Cruzes and Tore Dybå",
keywords = "Evidence-based software engineering, Empirical software engineering, Systematic review, Qualitative methods, Mixed-methods"
}