@article{OUELLETTE2016138,
title = "Remote sensing for Marine Spatial Planning and Integrated Coastal Areas Management: Achievements, challenges, opportunities and future prospects",
journal = "Remote Sensing Applications: Society and Environment",
volume = "4",
pages = "138 - 157",
year = "2016",
issn = "2352-9385",
doi = "https://doi.org/10.1016/j.rsase.2016.07.003",
url = "http://www.sciencedirect.com/science/article/pii/S2352938516300726",
author = "William Ouellette and Wondifraw Getinet",
keywords = "ICAM, MSP, Coastal ecosystems and habitats, Ecosystem health and pollution, Coastal hazards, Marine space and use"
}
@article{MARTINIE201477,
title = "A multi-formalism approach for model-based dynamic distribution of user interfaces of critical interactive systems",
journal = "International Journal of Human-Computer Studies",
volume = "72",
number = "1",
pages = "77 - 99",
year = "2014",
issn = "1071-5819",
doi = "https://doi.org/10.1016/j.ijhcs.2013.08.013",
url = "http://www.sciencedirect.com/science/article/pii/S1071581913001110",
author = "Célia Martinie and David Navarre and Philippe Palanque",
keywords = "Model-based approaches, Formal description techniques, Interactive software engineering, Automation, Distributed user interfaces, Dynamic reconfiguration of user interfaces"
}
@article{GITZEL2007105,
title = "Using established Web Engineering knowledge in model-driven approaches",
journal = "Science of Computer Programming",
volume = "66",
number = "2",
pages = "105 - 124",
year = "2007",
issn = "0167-6423",
doi = "https://doi.org/10.1016/j.scico.2006.09.001",
url = "http://www.sciencedirect.com/science/article/pii/S0167642306001742",
author = "Ralf Gitzel and Axel Korthaus and Martin Schader",
keywords = "Model-Driven Development (MDD), Model-Driven Architecture (MDA), Web Applications, Web design languages, Web Application frameworks, Code generation"
}
@article{BLAAUW2016141,
title = "Let’s get Physiqual – An intuitive and generic method to combine sensor technology with ecological momentary assessments",
journal = "Journal of Biomedical Informatics",
volume = "63",
pages = "141 - 149",
year = "2016",
issn = "1532-0464",
doi = "https://doi.org/10.1016/j.jbi.2016.08.001",
url = "http://www.sciencedirect.com/science/article/pii/S1532046416300788",
author = "F.J. Blaauw and H.M. Schenk and B.F. Jeronimus and L. van der Krieke and P. de Jonge and M. Aiello and A.C. Emerencia",
keywords = "API, Platform, Interoperability, EMA, ESM, Wearables, Smartwatch, Fitbit, Android, Google Fit"
}
@article{KROGEL2016154,
title = "Nexus: A modular workflow management system for quantum simulation codes",
journal = "Computer Physics Communications",
volume = "198",
pages = "154 - 168",
year = "2016",
issn = "0010-4655",
doi = "https://doi.org/10.1016/j.cpc.2015.08.012",
url = "http://www.sciencedirect.com/science/article/pii/S0010465515002982",
author = "Jaron T. Krogel",
keywords = "Workflow management, High-throughput, Electronic structure, Quantum Monte Carlo, Density functional theory, QMCPACK, Quantum Espresso, VASP"
}
@article{SCACCHI1999183,
title = "Experience with software process simulation and modeling",
journal = "Journal of Systems and Software",
volume = "46",
number = "2",
pages = "183 - 192",
year = "1999",
issn = "0164-1212",
doi = "https://doi.org/10.1016/S0164-1212(99)00011-4",
url = "http://www.sciencedirect.com/science/article/pii/S0164121299000114",
author = "Walt Scacchi",
keywords = "Software process, Process modeling, Process simulation, Knowledge-based simulation, Process life cycle"
}
@article{ADAMOS2008232,
title = "Performance evaluation of PCA-based spike sorting algorithms",
journal = "Computer Methods and Programs in Biomedicine",
volume = "91",
number = "3",
pages = "232 - 244",
year = "2008",
issn = "0169-2607",
doi = "https://doi.org/10.1016/j.cmpb.2008.04.011",
url = "http://www.sciencedirect.com/science/article/pii/S016926070800103X",
author = "Dimitrios A. Adamos and Efstratios K. Kosmidis and George Theophilidis",
keywords = "Spike sorting, PCA, Clustering, Noise, Single-electrode extracellular recordings"
}
@article{YAN201637,
title = "A component recommender for bug reports using Discriminative Probability Latent Semantic Analysis",
journal = "Information and Software Technology",
volume = "73",
pages = "37 - 51",
year = "2016",
issn = "0950-5849",
doi = "https://doi.org/10.1016/j.infsof.2016.01.005",
url = "http://www.sciencedirect.com/science/article/pii/S0950584916000070",
author = "Meng Yan and Xiaohong Zhang and Dan Yang and Ling Xu and Jeffrey D. Kymer",
keywords = "Bug reports, Discriminative topic model, Component recommendation, Bug triage"
}
@article{HIGGINBOTTOM2015297,
title = "An ethnographic study of communication challenges in maternity care for immigrant women in rural Alberta",
journal = "Midwifery",
volume = "31",
number = "2",
pages = "297 - 304",
year = "2015",
issn = "0266-6138",
doi = "https://doi.org/10.1016/j.midw.2014.09.009",
url = "http://www.sciencedirect.com/science/article/pii/S0266613814002484",
author = "Gina M.A. Higginbottom and Jalal Safipour and Sophie Yohani and Beverley O’Brien and Zubia Mumtaz and Patricia Paton",
keywords = "Communication, Immigrant women, Maternity care, Canada"
}
@article{MULLER2005166,
title = "Two controlled experiments concerning the comparison of pair programming to peer review",
journal = "Journal of Systems and Software",
volume = "78",
number = "2",
pages = "166 - 179",
year = "2005",
issn = "0164-1212",
doi = "https://doi.org/10.1016/j.jss.2004.12.019",
url = "http://www.sciencedirect.com/science/article/pii/S0164121205000038",
author = "Matthias M. Müller",
keywords = "Pair programming, Peer reviews, Empirical software engineering, Controlled experiment"
}
@article{HERREROAGUSTIN20133013,
title = "A model-driven approach to develop high performance web applications",
journal = "Journal of Systems and Software",
volume = "86",
number = "12",
pages = "3013 - 3023",
year = "2013",
issn = "0164-1212",
doi = "https://doi.org/10.1016/j.jss.2013.07.028",
url = "http://www.sciencedirect.com/science/article/pii/S0164121213001751",
author = "José Luis Herrero Agustin and Pablo Carmona del Barco",
keywords = "Model-driven architecture, Web applications, Rich internet applications"
}
@article{HALANG199569,
title = "Recommendations for a Real Time Systems Curriculum",
journal = "IFAC Proceedings Volumes",
volume = "28",
number = "18",
pages = "69 - 74",
year = "1995",
note = "IFAC Workshop on Control Education and technology Transfer Issues, Curitiba, Brazil, 11-12 September",
issn = "1474-6670",
doi = "https://doi.org/10.1016/S1474-6670(17)45128-7",
url = "http://www.sciencedirect.com/science/article/pii/S1474667017451287",
author = "Wolfgang Halang and Carlos Eduardo Pereira",
keywords = "real-time systems, real-time languages, real-time operating systems"
}
@article{ROMERO2016213,
title = "APASVO: A free software tool for automatic P-phase picking and event detection in seismic traces",
journal = "Computers & Geosciences",
volume = "90",
pages = "213 - 220",
year = "2016",
issn = "0098-3004",
doi = "https://doi.org/10.1016/j.cageo.2016.02.004",
url = "http://www.sciencedirect.com/science/article/pii/S0098300416300292",
author = "José Emilio Romero and Manuel Titos and Ángel Bueno and Isaac Álvarez and Luz García and Ángel de la Torre and M Carmen Benítez",
keywords = "Seismology, Software, Automatic, P-phase picking, Detection, STA-LTA, AMPA, Autoregressive models"
}
@article{CROUCH2008247,
title = "An educational interactive numerical model of the Chesapeake Bay",
journal = "Computers & Geosciences",
volume = "34",
number = "3",
pages = "247 - 258",
year = "2008",
issn = "0098-3004",
doi = "https://doi.org/10.1016/j.cageo.2007.03.017",
url = "http://www.sciencedirect.com/science/article/pii/S0098300407001501",
author = "Jessica R. Crouch and Yuzhong Shen and Jay A. Austin and Michael S. Dinniman",
keywords = "Modeling, Simulation, Visualization, Oceanography, Education, Interactive, Chesapeake Bay"
}
@article{RADWAN1989287,
title = "A verification approach for knowledge-based systems",
journal = "Transportation Research Part A: General",
volume = "23",
number = "4",
pages = "287 - 300",
year = "1989",
issn = "0191-2607",
doi = "https://doi.org/10.1016/0191-2607(89)90012-5",
url = "http://www.sciencedirect.com/science/article/pii/0191260789900125",
author = "A.Essam Radwan and Michael Goul and Timothy J. O'Leary and Kathleen E. Moffitt"
}
@article{CHEN201645,
title = "Integrated design workflow and a new tool for urban rainwater management",
journal = "Journal of Environmental Management",
volume = "180",
pages = "45 - 51",
year = "2016",
issn = "0301-4797",
doi = "https://doi.org/10.1016/j.jenvman.2016.04.059",
url = "http://www.sciencedirect.com/science/article/pii/S0301479716302468",
author = "Yujiao Chen and Holly W. Samuelson and Zheming Tong",
keywords = "Decision-making tool, Rainwater management, Stormwater runoff, LID, Integrated design, Bioretention"
}
@article{GROHMANN20041055,
title = "Morphometric analysis in geographic information systems: applications of free software GRASS and R",
journal = "Computers & Geosciences",
volume = "30",
number = "9",
pages = "1055 - 1067",
year = "2004",
issn = "0098-3004",
doi = "https://doi.org/10.1016/j.cageo.2004.08.002",
url = "http://www.sciencedirect.com/science/article/pii/S0098300404001402",
author = "Carlos Henrique Grohmann",
keywords = "Morphometric analysis, Neotectonics, Geographic Information Systems, Open-source software, GRASS-GIS"
}
@article{JIANG2012120,
title = "The Discussion on How to Improve the Teaching Height of Program Design",
journal = "IERI Procedia",
volume = "2",
pages = "120 - 126",
year = "2012",
note = "International Conference on Future Computer Supported Education, August 22- 23, 2012,Fraser Place Central - Seoul",
issn = "2212-6678",
doi = "https://doi.org/10.1016/j.ieri.2012.06.061",
url = "http://www.sciencedirect.com/science/article/pii/S221266781200069X",
author = "Xuefeng Jiang and Junrui Liu and Chenglie Du",
keywords = "computing ability, The new teaching model of program design course, the double helix, the operations management and automatic evaluation system, the on-line teaching system, the test system"
}
@article{AHN2002649,
title = "Reconstructing a formal security model",
journal = "Information and Software Technology",
volume = "44",
number = "11",
pages = "649 - 657",
year = "2002",
issn = "0950-5849",
doi = "https://doi.org/10.1016/S0950-5849(02)00092-7",
url = "http://www.sciencedirect.com/science/article/pii/S0950584902000927",
author = "Gail-Joon Ahn and Seung-Phil Hong and Michael E Shin",
keywords = "Access control, Role-based, Formal model, UML"
}
@article{BANERJEE2012665,
title = "From information technology to bioinformatics: Evolution of technological capabilities in India",
journal = "Technological Forecasting and Social Change",
volume = "79",
number = "4",
pages = "665 - 675",
year = "2012",
note = "Contains Special Section: Innovation in India",
issn = "0040-1625",
doi = "https://doi.org/10.1016/j.techfore.2011.08.002",
url = "http://www.sciencedirect.com/science/article/pii/S0040162511001697",
author = "Preeta M. Banerjee",
keywords = "Technological capabilities, Information technology, Bioinformatics, Exaptation"
}
@article{KHORSHIDI2016310,
title = "Amp: A modular approach to machine learning in atomistic simulations",
journal = "Computer Physics Communications",
volume = "207",
pages = "310 - 324",
year = "2016",
issn = "0010-4655",
doi = "https://doi.org/10.1016/j.cpc.2016.05.010",
url = "http://www.sciencedirect.com/science/article/pii/S0010465516301266",
author = "Alireza Khorshidi and Andrew A. Peterson",
keywords = "Potential energy surface, Neural networks, Atomic Simulation Environment (ASE), Density functional theory, Zernike polynomials"
}
@article{WIJAYASIRIWARDHANE20102456,
title = "Component Point: A system-level size measure for Component-Based Software Systems",
journal = "Journal of Systems and Software",
volume = "83",
number = "12",
pages = "2456 - 2470",
year = "2010",
note = "TAIC PART 2009 - Testing: Academic & Industrial Conference - Practice And Research Techniques",
issn = "0164-1212",
doi = "https://doi.org/10.1016/j.jss.2010.07.008",
url = "http://www.sciencedirect.com/science/article/pii/S0164121210001792",
author = "Thareendhra Wijayasiriwardhane and Richard Lai",
keywords = "Component-Based Software System, Component Point, Function Point, Software measures, Software sizing"
}
@article{MARCHANDISE20141,
title = "Finite element analysis of thermal laser skin stimulation for a finer characterization of the nociceptive system",
journal = "Journal of Neuroscience Methods",
volume = "223",
pages = "1 - 10",
year = "2014",
issn = "0165-0270",
doi = "https://doi.org/10.1016/j.jneumeth.2013.11.010",
url = "http://www.sciencedirect.com/science/article/pii/S0165027013003865",
author = "E. Marchandise and A. Mouraux and L. Plaghki and F. Henrotte",
keywords = "Skin laser stimulation, Laser heating, Intraepidermal nerve fiber, Finite element modeling, Activated volume, Nociception, ONELAB"
}
@article{ANABUKI199263,
title = "Application of Expert System to Real Time Cold Coil Transportation Control in Finishing Line",
journal = "IFAC Proceedings Volumes",
volume = "25",
number = "17",
pages = "63 - 70",
year = "1992",
note = "IFAC Workshop on Expert Systems in Mineral and Metal Processing, Espoo, Finland, 26-28 August 1992",
issn = "1474-6670",
doi = "https://doi.org/10.1016/B978-0-08-041704-2.50019-4",
url = "http://www.sciencedirect.com/science/article/pii/B9780080417042500194",
author = "Y. Anabuki and R. Owaki and H. Sakiyama",
keywords = "Expert system, computer control, real-time computer system, transportation control, steel industry, electrical steel finishing line"
}
@article{GRADETSKY1995145,
title = "Mechatronics Structure of Wall Climbing Autonomous Vehicle",
journal = "IFAC Proceedings Volumes",
volume = "28",
number = "11",
pages = "145 - 150",
year = "1995",
note = "2nd IFAC Conference on Intelligent Autonomous Vehicles 1995, Espoo, Finland, 12-14 June 1995",
issn = "1474-6670",
doi = "https://doi.org/10.1016/S1474-6670(17)46963-1",
url = "http://www.sciencedirect.com/science/article/pii/S1474667017469631",
author = "V.G. Gradetsky and V.B. Veshnikov and S.V. Ulyanov",
keywords = "autonomous vehicle, robot control, fuzzy logic, software engineering"
}
@article{RYAN201291,
title = "Development of electrochemical copper deposition screening methodologies for next generation additive selection",
journal = "Microelectronic Engineering",
volume = "92",
pages = "91 - 94",
year = "2012",
note = "27th Annual Advanced Metallization Conference 2010",
issn = "0167-9317",
doi = "https://doi.org/10.1016/j.mee.2011.04.051",
url = "http://www.sciencedirect.com/science/article/pii/S0167931711004758",
author = "Kevin Ryan and Kathleen Dunn and Jobert van Eisden",
keywords = "Copper electrochemical deposition, Damascene, 32nm node, Beaker plating, Polyethylene glycol"
}
@article{DETWILER201612,
title = "From frames to OWL2: Converting the Foundational Model of Anatomy",
journal = "Artificial Intelligence in Medicine",
volume = "69",
pages = "12 - 21",
year = "2016",
issn = "0933-3657",
doi = "https://doi.org/10.1016/j.artmed.2016.04.003",
url = "http://www.sciencedirect.com/science/article/pii/S093336571630152X",
author = "Landon T. Detwiler and Jose L.V. Mejino and James F. Brinkley",
keywords = "OWL, Frames, Ontology, Foundational Model of Anatomy, Ontology of Craniofacial Development and Malformation"
}
@article{VICTOR201629,
title = "Minimum divergence viscous flow simulation through finite difference and regularization techniques",
journal = "Advances in Water Resources",
volume = "95",
pages = "29 - 45",
year = "2016",
note = "Pore scale modeling and experiments",
issn = "0309-1708",
doi = "https://doi.org/10.1016/j.advwatres.2016.02.002",
url = "http://www.sciencedirect.com/science/article/pii/S0309170816300148",
author = "Rodolfo A. Victor and Maryam Mirabolghasemi and Steven L. Bryant and Maša Prodanović",
keywords = "Fluid flow in porous media, Finite difference method, Finite volume method, Absolute permeability, Relative permeability, Tikhonov regularization"
}
@article{CHATZIGIANNAKIS2016165,
title = "A privacy-preserving smart parking system using an IoT elliptic curve based security platform",
journal = "Computer Communications",
volume = "89-90",
pages = "165 - 177",
year = "2016",
note = "Internet of Things\: Research challenges and Solutions",
issn = "0140-3664",
doi = "https://doi.org/10.1016/j.comcom.2016.03.014",
url = "http://www.sciencedirect.com/science/article/pii/S014036641630072X",
author = "Ioannis Chatzigiannakis and Andrea Vitaletti and Apostolos Pyrgelis",
keywords = "Smart city, Privacy, Wireless sensor networks, Algorithm engineering, Performance evaluation"
}
@article{RIQUELME2016165,
title = "Characterization of rock slopes through slope mass rating using 3D point clouds",
journal = "International Journal of Rock Mechanics and Mining Sciences",
volume = "84",
pages = "165 - 176",
year = "2016",
issn = "1365-1609",
doi = "https://doi.org/10.1016/j.ijrmms.2015.12.008",
url = "http://www.sciencedirect.com/science/article/pii/S1365160915300939",
author = "Adrián J. Riquelme and Roberto Tomás and Antonio Abellán",
keywords = "Geo-mechanical classifications, Slope Mass Rating, 3D point clouds, 3D laser scanner photogrammetry, Failure mechanism"
}
@article{ICARDI201646,
title = "On the predictivity of pore-scale simulations: Estimating uncertainties with multilevel Monte Carlo",
journal = "Advances in Water Resources",
volume = "95",
pages = "46 - 60",
year = "2016",
note = "Pore scale modeling and experiments",
issn = "0309-1708",
doi = "https://doi.org/10.1016/j.advwatres.2016.01.004",
url = "http://www.sciencedirect.com/science/article/pii/S0309170816300045",
author = "Matteo Icardi and Gianluca Boccardo and Raúl Tempone",
keywords = "Pore-scale simulation, Multilevel Monte Carlo, Stochastic upscaling, Uncertainty quantification"
}
@article{EASTER200713,
title = "The GEFSOC soil carbon modelling system: A tool for conducting regional-scale soil carbon inventories and assessing the impacts of land use change on soil carbon",
journal = "Agriculture, Ecosystems & Environment",
volume = "122",
number = "1",
pages = "13 - 25",
year = "2007",
note = "Soil carbon stocks at regional scales",
issn = "0167-8809",
doi = "https://doi.org/10.1016/j.agee.2007.01.004",
url = "http://www.sciencedirect.com/science/article/pii/S0167880907000333",
author = "M. Easter and K. Paustian and K. Killian and S. Williams and T. Feng and R. Al-Adamat and N.H. Batjes and M. Bernoux and T. Bhattacharyya and C.C. Cerri and C.E.P. Cerri and K. Coleman and P. Falloon and C. Feller and P. Gicheru and P. Kamoni and E. Milne and D.K. Pal and D.S. Powlson and Z. Rawajfih and M. Sessay and S. Wokabi",
keywords = "Soil organic carbon, Century model, RothC model, Land use change, IPCC method"
}
@article{VARA20122368,
title = "A framework for model-driven development of information systems: Technical decisions and lessons learned",
journal = "Journal of Systems and Software",
volume = "85",
number = "10",
pages = "2368 - 2384",
year = "2012",
note = "Automated Software Evolution",
issn = "0164-1212",
doi = "https://doi.org/10.1016/j.jss.2012.04.080",
url = "http://www.sciencedirect.com/science/article/pii/S0164121212001367",
author = "Juan Manuel Vara and Esperanza Marcos",
keywords = "Model-driven engineering, Domain-specific modeling, Software development frameworks"
}
@article{YUEN201495,
title = "A hybrid fuzzy quality function deployment framework using cognitive network process and aggregative grading clustering: An application to cloud software product development",
journal = "Neurocomputing",
volume = "142",
pages = "95 - 106",
year = "2014",
note = "SI Computational Intelligence Techniques for New Product Development",
issn = "0925-2312",
doi = "https://doi.org/10.1016/j.neucom.2014.03.045",
url = "http://www.sciencedirect.com/science/article/pii/S0925231214005335",
author = "Kevin Kam Fung Yuen",
keywords = "Quality function deployment, Fuzzy clustering, Fuzzy decision making, Software development, New product development"
}
@article{LEHTIRANTA2014640,
title = "Risk perceptions and approaches in multi-organizations: A research review 2000–2012",
journal = "International Journal of Project Management",
volume = "32",
number = "4",
pages = "640 - 653",
year = "2014",
issn = "0263-7863",
doi = "https://doi.org/10.1016/j.ijproman.2013.09.002",
url = "http://www.sciencedirect.com/science/article/pii/S0263786313001245",
author = "Liisa Lehtiranta",
keywords = "Risk management, Risk perception, Uncertainty, Opportunity, Multi-organization, Multidisciplinary"
}
@incollection{JEONG2011737,
title = "Chapter 46 - Medical Image Processing Using GPU-Accelerated ITK Image Filters",
editor = "Wen-mei W. Hwu",
booktitle = "GPU Computing Gems Emerald Edition",
publisher = "Morgan Kaufmann",
address = "Boston",
pages = "737 - 749",
year = "2011",
series = "Applications of GPU Computing Series",
isbn = "978-0-12-384988-5",
doi = "https://doi.org/10.1016/B978-0-12-384988-5.00046-2",
url = "http://www.sciencedirect.com/science/article/pii/B9780123849885000462",
author = "Won-Ki Jeong and Hanspeter Pfister and Massimiliano Fatica"
}
@article{FLEMING1988547,
title = "Comparison of manual and automated marking of student programs",
journal = "Information and Software Technology",
volume = "30",
number = "9",
pages = "547 - 552",
year = "1988",
issn = "0950-5849",
doi = "https://doi.org/10.1016/0950-5849(88)90133-4",
url = "http://www.sciencedirect.com/science/article/pii/0950584988901334",
author = "WH Fleming and KA Redish and WF Smyth",
keywords = "software engineering, program quality, -77"
}
@article{KWIATKOWSKI20131368,
title = "Recovering management information from source code",
journal = "Science of Computer Programming",
volume = "78",
number = "9",
pages = "1368 - 1406",
year = "2013",
issn = "0167-6423",
doi = "https://doi.org/10.1016/j.scico.2012.07.016",
url = "http://www.sciencedirect.com/science/article/pii/S016764231200144X",
author = "Ł.M. Kwiatkowski and C. Verhoef",
keywords = "IT-portfolio management, Management information, Source code analysis, Lexical analysis, Latent Semantic Indexing, LSI, Source code comments, Compilers, Obsolete language constructs, Volatility, Vendor locks, Legacy systems, Operational risk, Technology risk, Risk mitigation, Cost control, Market value, Scenario analysis, IT assets, IT metrics, Automated data extraction, Information retrieval, Cobol, Case study"
}
@article{YAN2016296,
title = "Automatically classifying software changes via discriminative topic model: Supporting multi-category and cross-project",
journal = "Journal of Systems and Software",
volume = "113",
pages = "296 - 308",
year = "2016",
issn = "0164-1212",
doi = "https://doi.org/10.1016/j.jss.2015.12.019",
url = "http://www.sciencedirect.com/science/article/pii/S016412121500285X",
author = "Meng Yan and Ying Fu and Xiaohong Zhang and Dan Yang and Ling Xu and Jeffrey D. Kymer",
keywords = "Software change classification, Multi-category change, Discriminative topic model"
}
@incollection{KIRAKOWSKI2005519,
title = "18 Chapter - Summative Usability Testing: Measurement and Sample Size",
editor = "Randolph G. Bias and Deborah J. Mayhew",
booktitle = "Cost-Justifying Usability (Second Edition)",
publisher = "Morgan Kaufmann",
edition = "Second Edition",
address = "San Francisco",
pages = "519 - 553",
year = "2005",
series = "Interactive Technologies",
isbn = "978-0-12-095811-5",
doi = "https://doi.org/10.1016/B978-012095811-5/50018-3",
url = "http://www.sciencedirect.com/science/article/pii/B9780120958115500183",
author = "Jurek Kirakowski"
}
@article{MACKERRON201120,
title = "Implementation, implementation, implementation: old and new options for putting surveys and experiments online",
journal = "Journal of Choice Modelling",
volume = "4",
number = "2",
pages = "20 - 48",
year = "2011",
issn = "1755-5345",
doi = "https://doi.org/10.1016/S1755-5345(13)70056-3",
url = "http://www.sciencedirect.com/science/article/pii/S1755534513700563",
author = "George MacKerron",
keywords = "survey, questionnaire, choice experiment, internet, implementation, DSL, Ruby"
}
@article{CLARK20112,
title = "Text Normalization in Social Media: Progress, Problems and Applications for a Pre-Processing System of Casual English",
journal = "Procedia - Social and Behavioral Sciences",
volume = "27",
pages = "2 - 11",
year = "2011",
note = "Computational Linguistics and Related Fields",
issn = "1877-0428",
doi = "https://doi.org/10.1016/j.sbspro.2011.10.577",
url = "http://www.sciencedirect.com/science/article/pii/S1877042811024049",
author = "Eleanor Clark and Kenji Araki",
keywords = "Natural Language Processing, Machine Translation, Social Media, Twitter, Text Normalization"
}
@article{BIGNARDI2016103,
title = "OpenHVSR: imaging the subsurface 2D/3D elastic properties through multiple HVSR modeling and inversion",
journal = "Computers & Geosciences",
volume = "93",
pages = "103 - 113",
year = "2016",
issn = "0098-3004",
doi = "https://doi.org/10.1016/j.cageo.2016.05.009",
url = "http://www.sciencedirect.com/science/article/pii/S0098300416301315",
author = "S. Bignardi and A. Mantovani and N. Abu Zeid",
keywords = "HVSR, Microtremor, Soil amplification, Soil response, 2-D, 3-D"
}
@article{GRAU1994701,
title = "GETRAM: A Generic Environment for Traffic Analysis and Modeling",
journal = "IFAC Proceedings Volumes",
volume = "27",
number = "12",
pages = "701 - 706",
year = "1994",
note = "IFAC Symposium on Transportation Systems: Theory and Application of Advanced Technology, Tianjin, PRC, 24-26 August",
issn = "1474-6670",
doi = "https://doi.org/10.1016/S1474-6670(17)47554-9",
url = "http://www.sciencedirect.com/science/article/pii/S1474667017475549",
author = "R. Grau and J. Darcelo",
keywords = "Computer-aided design, simulation, software engineering, programming environments"
}
@article{HELLBERG1994419,
title = "A portable parallel programming environment based around PCTE",
journal = "Information and Software Technology",
volume = "36",
number = "7",
pages = "419 - 425",
year = "1994",
note = "Software Engineering for Parallel Systems",
issn = "0950-5849",
doi = "https://doi.org/10.1016/0950-5849(94)90064-7",
url = "http://www.sciencedirect.com/science/article/pii/0950584994900647",
author = "Stephen A Hellberg and Ed Zaluska",
keywords = "High Performance Fortran, integrated toolset, message-passing interface, PCTE, parallel processing, software engineering environments"
}
@article{HALANG1995225,
title = "Safety Licensing of Real-Time and Control Software",
journal = "IFAC Proceedings Volumes",
volume = "28",
number = "25",
pages = "225 - 230",
year = "1995",
note = "2nd IFAC Workshop on Safety and Reliability in Emerging Control Technologies, Daytona Beach, USA, 1-3 November",
issn = "1474-6670",
doi = "https://doi.org/10.1016/S1474-6670(17)44849-X",
url = "http://www.sciencedirect.com/science/article/pii/S147466701744849X",
author = "W.A. Halang",
keywords = "Real-time control, ontrol software, safety licensing, function block diagrams, cause effect tables"
}
@article{SALMOND2014480,
title = "Using Systematic Reviews to Guide Decision Making About Family-Witnessed Resuscitation",
journal = "Journal of PeriAnesthesia Nursing",
volume = "29",
number = "6",
pages = "480 - 490",
year = "2014",
note = "Systematic Reviews",
issn = "1089-9472",
doi = "https://doi.org/10.1016/j.jopan.2014.07.011",
url = "http://www.sciencedirect.com/science/article/pii/S1089947214003773",
author = "Susan W. Salmond and Lisa M. Paplanus and Amita Avadhani",
keywords = "Systematic review, family witnessed resuscitation, evidence-based practice"
}
@article{ILLESSEIFERT2010539,
title = "Exploring the relationship of a file’s history and its fault-proneness: An empirical method and its application to open source programs",
journal = "Information and Software Technology",
volume = "52",
number = "5",
pages = "539 - 558",
year = "2010",
note = "TAIC-PART 2008",
issn = "0950-5849",
doi = "https://doi.org/10.1016/j.infsof.2009.11.010",
url = "http://www.sciencedirect.com/science/article/pii/S0950584909002109",
author = "Timea Illes-Seifert and Barbara Paech",
keywords = "Empirical study, Software testing, Software history/evolution"
}
@article{MATEOS2010797,
title = "On the evaluation of gridification effort and runtime aspects of JGRIM applications",
journal = "Future Generation Computer Systems",
volume = "26",
number = "6",
pages = "797 - 819",
year = "2010",
issn = "0167-739X",
doi = "https://doi.org/10.1016/j.future.2010.02.014",
url = "http://www.sciencedirect.com/science/article/pii/S0167739X10000300",
author = "Cristian Mateos and Alejandro Zunino and Marcelo Campo",
keywords = "Grid computing, Gridification, Grid services, JGRIM, Dependency injection"
}
@incollection{GREEN1986377,
title = "Kestrel Institute: REPORT ON A KNOWLEDGE-BASED SOFTWARE ASSISTANT",
editor = "Charles Rich and Richard C. Waters",
booktitle = "Readings in Artificial Intelligence and Software Engineering",
publisher = "Morgan Kaufmann",
pages = "377 - 428",
year = "1986",
isbn = "978-0-934613-12-5",
doi = "https://doi.org/10.1016/B978-0-934613-12-5.50034-3",
url = "http://www.sciencedirect.com/science/article/pii/B9780934613125500343",
author = "CORDELL GREEN and DAVID LUCKHAM and ROBERT BALZER and THOMAS CHEATHAM and CHARLES RICH"
}
@article{PUJOL2008114,
title = "Lowering the Barriers Inherent in Translating Advances in Neuroimage Analysis to Clinical Research Applications",
journal = "Academic Radiology",
volume = "15",
number = "1",
pages = "114 - 118",
year = "2008",
issn = "1076-6332",
doi = "https://doi.org/10.1016/j.acra.2007.08.002",
url = "http://www.sciencedirect.com/science/article/pii/S1076633207004618",
author = "Sonia Pujol and Ron Kikinis and Randy Gollub",
keywords = "Technology transfer, Biomedical Image Processing, Diffusion Tensor Imaging"
}
@article{CIAVOLA2011924,
title = "Storm impacts along European coastlines. Part 2: lessons learned from the MICORE project",
journal = "Environmental Science & Policy",
volume = "14",
number = "7",
pages = "924 - 933",
year = "2011",
note = "Adapting to Climate Change: Reducing Water-related Risks in Europe",
issn = "1462-9011",
doi = "https://doi.org/10.1016/j.envsci.2011.05.009",
url = "http://www.sciencedirect.com/science/article/pii/S146290111100075X",
author = "Paolo Ciavola and Oscar Ferreira and Piet Haerens and Mark Van Koningsveld and Clara Armaroli",
keywords = "Coastal storms, Coastal risk, Coastal erosion, Coastal flood, Morphological impacts, Early Warning Systems, Storm impact indicators"
}
@incollection{KIRAH2005415,
title = "14 Chapter - Ethnography for Software Development",
editor = "Randolph G. Bias and Deborah J. Mayhew",
booktitle = "Cost-Justifying Usability (Second Edition)",
publisher = "Morgan Kaufmann",
edition = "Second Edition",
address = "San Francisco",
pages = "415 - 446",
year = "2005",
series = "Interactive Technologies",
isbn = "978-0-12-095811-5",
doi = "https://doi.org/10.1016/B978-012095811-5/50014-6",
url = "http://www.sciencedirect.com/science/article/pii/B9780120958115500146",
author = "Anne Kirah and Carolyn Fuson and Jonathan Grudin and Evan Feldman"
}
@article{ONEILL198377,
title = "Integration engineering perspective",
journal = "Journal of Systems and Software",
volume = "3",
number = "1",
pages = "77 - 83",
year = "1983",
issn = "0164-1212",
doi = "https://doi.org/10.1016/0164-1212(83)90006-7",
url = "http://www.sciencedirect.com/science/article/pii/0164121283900067",
author = "Don O'Neill"
}
@article{CARMELI20118199,
title = "Linking perceived external prestige and collective identification to collaborative behaviors in R&D teams",
journal = "Expert Systems with Applications",
volume = "38",
number = "7",
pages = "8199 - 8207",
year = "2011",
issn = "0957-4174",
doi = "https://doi.org/10.1016/j.eswa.2010.12.166",
url = "http://www.sciencedirect.com/science/article/pii/S0957417410015290",
author = "Abraham Carmeli and Roy Gelbard and Riki Goldriech",
keywords = "R&D teams, Collaborative behaviors, Identification"
}
@article{GRONER2013709,
title = "Modeling and validation of business process families",
journal = "Information Systems",
volume = "38",
number = "5",
pages = "709 - 726",
year = "2013",
issn = "0306-4379",
doi = "https://doi.org/10.1016/j.is.2012.11.010",
url = "http://www.sciencedirect.com/science/article/pii/S0306437912001524",
author = "Gerd Gröner and Marko Bošković and Fernando Silva Parreiras and Dragan Gašević",
keywords = "Business process families, Control flow relations, Validation, Process model variability, Process model configuration"
}
@article{GAHEGAN2002267,
title = "Introducing GeoVISTA Studio: an integrated suite of visualization and computational methods for exploration and knowledge construction in geography",
journal = "Computers, Environment and Urban Systems",
volume = "26",
number = "4",
pages = "267 - 292",
year = "2002",
issn = "0198-9715",
doi = "https://doi.org/10.1016/S0198-9715(01)00046-1",
url = "http://www.sciencedirect.com/science/article/pii/S0198971501000461",
author = "Mark Gahegan and Masahiro Takatsuka and Mike Wheeler and Frank Hardisty",
keywords = "Exploratory data analysis, Geocomputation, Visualization, Knowledge discovery, Classification, Inference"
}
@article{IBERT20041529,
title = "Projects and firms as discordant complements: organisational learning in the Munich software ecology",
journal = "Research Policy",
volume = "33",
number = "10",
pages = "1529 - 1546",
year = "2004",
issn = "0048-7333",
doi = "https://doi.org/10.1016/j.respol.2004.08.010",
url = "http://www.sciencedirect.com/science/article/pii/S0048733304001283",
author = "Oliver Ibert",
keywords = "Project, Project ecology, Project-based firm, Organisational learning, Software development"
}
@article{SHAH1996347,
title = "Database infrastructure for supporting engineering design histories",
journal = "Computer-Aided Design",
volume = "28",
number = "5",
pages = "347 - 360",
year = "1996",
note = "Computer-Aided Concurrent Design",
issn = "0010-4485",
doi = "https://doi.org/10.1016/0010-4485(95)00054-2",
url = "http://www.sciencedirect.com/science/article/pii/0010448595000542",
author = "Jami J Shah and Dae K Jeon and Susan D Urban and Plamen Bliznakov and Mary Rogers",
keywords = "distributed databases, product data management, , SDAI, design process, world wide web, heterogeneous database"
}
@article{MUNOZ201421,
title = "A design tool and fabrication guidelines for small low cost horizontal axis hydrokinetic turbines",
journal = "Energy for Sustainable Development",
volume = "22",
pages = "21 - 33",
year = "2014",
note = "Wind Power Special Issue",
issn = "0973-0826",
doi = "https://doi.org/10.1016/j.esd.2014.05.003",
url = "http://www.sciencedirect.com/science/article/pii/S0973082614000453",
author = "A.H. Muñoz and L.E. Chiang and E.A. De la Jara",
keywords = "Turbine, Turbem, Off-grid, Cost"
}
@article{SEFFAH2004287,
title = "Multi-devices “Multiple” user interfaces: development models and research opportunities",
journal = "Journal of Systems and Software",
volume = "73",
number = "2",
pages = "287 - 300",
year = "2004",
note = "Applications of statistics in software engineering",
issn = "0164-1212",
doi = "https://doi.org/10.1016/j.jss.2003.09.017",
url = "http://www.sciencedirect.com/science/article/pii/S0164121203002590",
author = "Ahmed Seffah and Peter Forbrig and Homa Javahery"
}
@article{GRUDIN1991435,
title = "Obstacles to user involvement in software product development, with implications for CSCW",
journal = "International Journal of Man-Machine Studies",
volume = "34",
number = "3",
pages = "435 - 452",
year = "1991",
note = "Computer-supported Cooperative Work and Groupware. Part 2",
issn = "0020-7373",
doi = "https://doi.org/10.1016/0020-7373(91)90029-7",
url = "http://www.sciencedirect.com/science/article/pii/0020737391900297",
author = "Jonathan Grudin"
}
@article{TRUETTGARRETT199821,
title = "Instrumentation, control and automation progress in the United States in the last 24 years",
journal = "Water Science and Technology",
volume = "37",
number = "12",
pages = "21 - 25",
year = "1998",
note = "Instrumentation, Control and Automation of Water and Wastewater Treatment and Transport Systems 1997",
issn = "0273-1223",
doi = "https://doi.org/10.1016/S0273-1223(98)00366-7",
url = "http://www.sciencedirect.com/science/article/pii/S0273122398003667",
author = "M. Truett Garrett",
keywords = "Instrumentation, control, automation, USA"
}
@article{REID20161245,
title = "ANIMA: A data-sharing initiative for neuroimaging meta-analyses",
journal = "NeuroImage",
volume = "124",
pages = "1245 - 1253",
year = "2016",
note = "Sharing the wealth: Brain Imaging Repositories in 2015",
issn = "1053-8119",
doi = "https://doi.org/10.1016/j.neuroimage.2015.07.060",
url = "http://www.sciencedirect.com/science/article/pii/S1053811915006801",
author = "Andrew T. Reid and Danilo Bzdok and Sarah Genon and Robert Langner and Veronika I. Müller and Claudia R. Eickhoff and Felix Hoffstaedter and Edna-Clarisse Cieslik and Peter T. Fox and Angela R. Laird and Katrin Amunts and Svenja Caspers and Simon B. Eickhoff"
}
@article{NARAYANASWAMY198737,
title = "A database foundation to support software system evolution",
journal = "Journal of Systems and Software",
volume = "7",
number = "1",
pages = "37 - 49",
year = "1987",
issn = "0164-1212",
doi = "https://doi.org/10.1016/0164-1212(87)90006-9",
url = "http://www.sciencedirect.com/science/article/pii/0164121287900069",
author = "K. Narayanaswamy and Walt Scacchi"
}
@article{GIORGINO20101402,
title = "Distributed computing as a virtual supercomputer: Tools to run and manage large-scale BOINC simulations",
journal = "Computer Physics Communications",
volume = "181",
number = "8",
pages = "1402 - 1409",
year = "2010",
issn = "0010-4655",
doi = "https://doi.org/10.1016/j.cpc.2010.04.007",
url = "http://www.sciencedirect.com/science/article/pii/S0010465510001189",
author = "Toni Giorgino and M.J. Harvey and Gianni de Fabritiis",
keywords = "Distributed computing, BOINC, Grid computing, Molecular dynamics, High performance computing"
}
@article{SAEKI1998925,
title = "A meta-model for method integration",
journal = "Information and Software Technology",
volume = "39",
number = "14",
pages = "925 - 932",
year = "1998",
issn = "0950-5849",
doi = "https://doi.org/10.1016/S0950-5849(97)00059-1",
url = "http://www.sciencedirect.com/science/article/pii/S0950584997000591",
author = "Motoshi Saeki",
keywords = "Meta model, Method engineering, Specification and design methods"
}
@article{MONICA2016627,
title = "A KinFu based approach for robot spatial attention and view planning",
journal = "Robotics and Autonomous Systems",
volume = "75",
pages = "627 - 640",
year = "2016",
issn = "0921-8890",
doi = "https://doi.org/10.1016/j.robot.2015.09.010",
url = "http://www.sciencedirect.com/science/article/pii/S0921889015001980",
author = "Riccardo Monica and Jacopo Aleotti and Stefano Caselli",
keywords = "KinectFusion, Point Cloud Library, Robot spatial attention"
}
@article{RIZZI2016326,
title = "Design and construction of a low-cost nose poke system for rodents",
journal = "MethodsX",
volume = "3",
pages = "326 - 332",
year = "2016",
issn = "2215-0161",
doi = "https://doi.org/10.1016/j.mex.2016.04.002",
url = "http://www.sciencedirect.com/science/article/pii/S2215016116300073",
author = "Giorgio Rizzi and Meredith E. Lodge and Kelly R. Tan",
keywords = "Arduino based nose poke system for rodents, Operant behavior, Rodent, Reward, Nose poke, Optogenetics, Lowcost"
}
@article{KERR200661,
title = "The effect of rapid rural industry changes on the development of a decision support system for dairy farmers in Australia",
journal = "Computers and Electronics in Agriculture",
volume = "50",
number = "1",
pages = "61 - 69",
year = "2006",
issn = "0168-1699",
doi = "https://doi.org/10.1016/j.compag.2005.09.001",
url = "http://www.sciencedirect.com/science/article/pii/S0168169905001547",
author = "Don Kerr and Heidi Winklhofer",
keywords = "Knowledge based decision support system, Dairy industry, Industry deregulation"
}
@article{SPANOUDAKIS2004105,
title = "Rule-based generation of requirements traceability relations",
journal = "Journal of Systems and Software",
volume = "72",
number = "2",
pages = "105 - 127",
year = "2004",
issn = "0164-1212",
doi = "https://doi.org/10.1016/S0164-1212(03)00242-5",
url = "http://www.sciencedirect.com/science/article/pii/S0164121203002425",
author = "George Spanoudakis and Andrea Zisman and Elena Pérez-Miñana and Paul Krause",
keywords = "Requirement traceability, Natural language processing, Rule-based traceability reasoning"
}
@article{MACDONELL1993499,
title = "Deriving relevant functional measures for automated development projects",
journal = "Information and Software Technology",
volume = "35",
number = "9",
pages = "499 - 512",
year = "1993",
issn = "0950-5849",
doi = "https://doi.org/10.1016/0950-5849(93)90017-W",
url = "http://www.sciencedirect.com/science/article/pii/095058499390017W",
author = "SG MacDonell",
keywords = "data flow diagrams, development automation, entity relationship models, functional assessment, functional decomposition, transaction representation, software complexity, user interface"
}
@incollection{PAJAZITI200695,
title = "Coordination of the Multi Agent System and its Application to Robot Soccer",
editor = "P. Kopacek",
booktitle = "Improving Stability in Developing Nations through Automation 2006",
publisher = "Elsevier",
address = "Oxford",
pages = "95 - 100",
year = "2006",
series = "IPV–IFAC Proceedings Volume",
isbn = "978-0-08-045406-1",
doi = "https://doi.org/10.1016/B978-008045406-1/50014-8",
url = "http://www.sciencedirect.com/science/article/pii/B9780080454061500148",
author = "Arbnor Pajaziti and lsmajl Gojani and Gazmend Shala and Peter Kopacek",
keywords = "Multi Agent System, Robot Soccer, MIROSOT, Image processing, Control"
}
@incollection{KIENLE2010189,
title = "Chapter 5 - The Tools Perspective on Software Reverse Engineering: Requirements, Construction, and Evaluation",
series = "Advances in Computers",
publisher = "Elsevier",
volume = "79",
pages = "189 - 290",
year = "2010",
issn = "0065-2458",
doi = "https://doi.org/10.1016/S0065-2458(10)79005-7",
url = "http://www.sciencedirect.com/science/article/pii/S0065245810790057",
author = "Holger M. Kienle and Hausi A. Müller"
}
@article{REYNOLDS1979131,
title = "Evaluation of contemporary software engineering techniques for a large fortran simulation",
journal = "Journal of Systems and Software",
volume = "1",
pages = "131 - 140",
year = "1979",
issn = "0164-1212",
doi = "https://doi.org/10.1016/0164-1212(79)90013-X",
url = "http://www.sciencedirect.com/science/article/pii/016412127990013X",
author = "John H. Reynolds"
}
@article{KURBEL1994222,
title = "Groupware extension for a software-project management system",
journal = "International Journal of Project Management",
volume = "12",
number = "4",
pages = "222 - 229",
year = "1994",
issn = "0263-7863",
doi = "https://doi.org/10.1016/0263-7863(94)90046-9",
url = "http://www.sciencedirect.com/science/article/pii/0263786394900469",
author = "Karl Kurbel",
keywords = "computer-supported cooperative work, groupware, coordinating dates, calendar"
}
@article{ROWE1995851,
title = "Semiautomatic disabbreviation of technical text",
journal = "Information Processing & Management",
volume = "31",
number = "6",
pages = "851 - 857",
year = "1995",
issn = "0306-4573",
doi = "https://doi.org/10.1016/0306-4573(95)00013-7",
url = "http://www.sciencedirect.com/science/article/pii/0306457395000137",
author = "Neil C. Rowe and Kari Laitinen"
}
@article{NICKLES2005891,
title = "Expectation-oriented modeling",
journal = "Engineering Applications of Artificial Intelligence",
volume = "18",
number = "8",
pages = "891 - 918",
year = "2005",
issn = "0952-1976",
doi = "https://doi.org/10.1016/j.engappai.2005.05.002",
url = "http://www.sciencedirect.com/science/article/pii/S0952197605000618",
author = "Matthias Nickles and Michael Rovatsos and Gerhard Weiss",
keywords = "Open environments, Computational autonomy, Agent communication, Policy and protocol specification, Agent-oriented software engineering, Social AI"
}
@article{SUCUROVIC2007491,
title = "Implementing security in a distributed web-based EHCR",
journal = "International Journal of Medical Informatics",
volume = "76",
number = "5",
pages = "491 - 496",
year = "2007",
note = ""Virtual Biomedical Universities and E-Learning" and "Secure eHealth: Managing Risk to Patient Data"",
issn = "1386-5056",
doi = "https://doi.org/10.1016/j.ijmedinf.2006.09.017",
url = "http://www.sciencedirect.com/science/article/pii/S1386505606002231",
author = "Snezana Sucurovic",
keywords = "Computer security, Integrated advanced information management systems"
}
@article{BEEBE1989385,
title = "〈PLOT79〉: A comprehensive portable Fortran scientific line graphics system, as applied to biomedical research",
journal = "Computers in Biology and Medicine",
volume = "19",
number = "6",
pages = "385 - 402",
year = "1989",
issn = "0010-4825",
doi = "https://doi.org/10.1016/0010-4825(89)90074-7",
url = "http://www.sciencedirect.com/science/article/pii/0010482589900747",
author = "Nelson H.F. Beebe and R.P.C. Rodgers",
keywords = "Biomedical graphics, Computer graphics, Computer modeling, CORE proposal, Fortran, GKS, PHIGS, Program portability, SIGGRAPH, Software engineering, Structured computer programming, UNIX"
}
@article{LU2011463,
title = "A computer model based on real anatomy for electrophysiology study",
journal = "Advances in Engineering Software",
volume = "42",
number = "7",
pages = "463 - 476",
year = "2011",
issn = "0965-9978",
doi = "https://doi.org/10.1016/j.advengsoft.2011.03.015",
url = "http://www.sciencedirect.com/science/article/pii/S0965997811000536",
author = "Weijia Lu and Daming Wei and Xin Zhu and Wenxi Chen",
keywords = "Computational model, Anatomic data discretization, Excitation simulation, Isochronal map, ECGs, Open source"
}
@article{BRANDELIK20091540,
title = "CALCMIN – an EXCEL™ Visual Basic application for calculating mineral structural formulae from electron microprobe analyses",
journal = "Computers & Geosciences",
volume = "35",
number = "7",
pages = "1540 - 1551",
year = "2009",
issn = "0098-3004",
doi = "https://doi.org/10.1016/j.cageo.2008.09.011",
url = "http://www.sciencedirect.com/science/article/pii/S0098300409000491",
author = "Andreas Brandelik",
keywords = "Structure formula, End member content, Fe/Fe estimation, Electron microprobe, Normalization"
}
@article{ZIMA198665,
title = "A constraint language and its interpreter",
journal = "Computer Languages",
volume = "11",
number = "2",
pages = "65 - 83",
year = "1986",
issn = "0096-0551",
doi = "https://doi.org/10.1016/0096-0551(86)90002-0",
url = "http://www.sciencedirect.com/science/article/pii/0096055186900020",
author = "Hans P. Zima",
keywords = "Application software development, Functional descriptions, Constraints, Equations, Interpretation"
}
@article{ABERER20101065,
title = "Parallel computation of phylogenetic consensus trees",
journal = "Procedia Computer Science",
volume = "1",
number = "1",
pages = "1065 - 1073",
year = "2010",
note = "ICCS 2010",
issn = "1877-0509",
doi = "https://doi.org/10.1016/j.procs.2010.04.118",
url = "http://www.sciencedirect.com/science/article/pii/S1877050910001195",
author = "Andre J. Aberer and Nicholas D. Pattengale and Alexandros Stamatakis",
keywords = "RAxML, Majority rule tree, Multi-core architecture, Phylogenetics"
}
@article{MCCALL2014231,
title = "Modelling storm hydrodynamics on gravel beaches with XBeach-G",
journal = "Coastal Engineering",
volume = "91",
pages = "231 - 250",
year = "2014",
issn = "0378-3839",
doi = "https://doi.org/10.1016/j.coastaleng.2014.06.007",
url = "http://www.sciencedirect.com/science/article/pii/S0378383914001288",
author = "R.T. McCall and G. Masselink and T.G. Poate and J.A. Roelvink and L.P. Almeida and M. Davidson and P.E. Russell",
keywords = "Gravel, Storms, Runup, Overtopping, Modelling, Groundwater"
}
@article{COCKBURN2003387,
title = "Hidden messages: evaluating the efficiency of code elision in program navigation",
journal = "Interacting with Computers",
volume = "15",
number = "3",
pages = "387 - 407",
year = "2003",
note = "Computer-Aided Design of User Interface",
issn = "0953-5438",
doi = "https://doi.org/10.1016/S0953-5438(03)00003-1",
url = "http://www.sciencedirect.com/science/article/pii/S0953543803000031",
author = "Andy Cockburn and Matthew Smith",
keywords = "Text elision, Program navigation and visualisation, Fisheye views, Scrolling, User interface evaluation"
}
@article{GAROUSI2016195,
title = "A systematic literature review of literature reviews in software testing",
journal = "Information and Software Technology",
volume = "80",
pages = "195 - 216",
year = "2016",
issn = "0950-5849",
doi = "https://doi.org/10.1016/j.infsof.2016.09.002",
url = "http://www.sciencedirect.com/science/article/pii/S0950584916301446",
author = "Vahid Garousi and Mika V. Mäntylä",
keywords = "Secondary studies, Tertiary study, Software testing, Systematic mapping, Systematic literature reviews, Surveys"
}
@article{URBAS2012854,
title = "Formal Models for High Performance HMI Engineering",
journal = "IFAC Proceedings Volumes",
volume = "45",
number = "2",
pages = "854 - 859",
year = "2012",
note = "7th Vienna International Conference on Mathematical Modelling",
issn = "1474-6670",
doi = "https://doi.org/10.3182/20120215-3-AT-3016.00151",
url = "http://www.sciencedirect.com/science/article/pii/S1474667016307844",
author = "Leon Urbas and Michael Obst and Markus Stöss",
keywords = "Human-machine interface, supervisory control, model driven software development, computer-aided engineering, graph theoretic models, process automation, model driven ecological interface engineering"
}
@article{ISIKDAG2008504,
title = "An investigation into the applicability of building information models in geospatial environment in support of site selection and fire response management processes",
journal = "Advanced Engineering Informatics",
volume = "22",
number = "4",
pages = "504 - 519",
year = "2008",
note = "PLM Challenges",
issn = "1474-0346",
doi = "https://doi.org/10.1016/j.aei.2008.06.001",
url = "http://www.sciencedirect.com/science/article/pii/S1474034608000499",
author = "Umit Isikdag and Jason Underwood and Ghassan Aouad"
}
@article{LOPEZLORCA201620,
title = "Supporting agent oriented requirement analysis with ontologies",
journal = "International Journal of Human-Computer Studies",
volume = "87",
pages = "20 - 37",
year = "2016",
issn = "1071-5819",
doi = "https://doi.org/10.1016/j.ijhcs.2015.10.007",
url = "http://www.sciencedirect.com/science/article/pii/S1071581915001755",
author = "Antonio A. Lopez-Lorca and Ghassan Beydoun and Rafael Valencia-Garcia and Rodrigo Martinez-Bejar",
keywords = "Requirements, Validation, Ontology, Ontology modelling, Multi agent systems"
}
@article{SMITH1999275,
title = "Design ware: Software Development by Refinement",
journal = "Electronic Notes in Theoretical Computer Science",
volume = "29",
pages = "275 - 287",
year = "1999",
note = "CTCS '99, Conference on Category Theory and Computer Science",
issn = "1571-0661",
doi = "https://doi.org/10.1016/S1571-0661(05)80320-2",
url = "http://www.sciencedirect.com/science/article/pii/S1571066105803202",
author = "Douglas R. Smith"
}
@article{BOTTA2015177,
title = "IP packet interleaving for UDP bursty losses",
journal = "Journal of Systems and Software",
volume = "109",
pages = "177 - 191",
year = "2015",
issn = "0164-1212",
doi = "https://doi.org/10.1016/j.jss.2015.07.048",
url = "http://www.sciencedirect.com/science/article/pii/S0164121215001673",
author = "Alessio Botta and Antonio Pescapé",
keywords = "Packet loss, UDP, Packet interleaving"
}
@article{SANG2002175,
title = "Development of CORBA-based engineering applications from legacy Fortran programs",
journal = "Information and Software Technology",
volume = "44",
number = "3",
pages = "175 - 184",
year = "2002",
issn = "0950-5849",
doi = "https://doi.org/10.1016/S0950-5849(02)00005-8",
url = "http://www.sciencedirect.com/science/article/pii/S0950584902000058",
author = "Janche Sang and Gregory Follen and Chan Kim and Isaac Lopez",
keywords = "Code wrapping, CORBA, Distributed object, Fortran, Legacy software, Software reuse"
}
@article{INGRAHAM1994107,
title = "Language training for various purposes in several languages on a common hypermedia framework",
journal = "Computers & Education",
volume = "23",
number = "1",
pages = "107 - 115",
year = "1994",
issn = "0360-1315",
doi = "https://doi.org/10.1016/0360-1315(94)90038-8",
url = "http://www.sciencedirect.com/science/article/pii/0360131594900388",
author = "Bruce Ingraham and Thierry Chanier and Chris Emery"
}
@article{MYLOPOULOS1998127,
title = "Information modeling in the time of the revolution",
journal = "Information Systems",
volume = "23",
number = "3",
pages = "127 - 155",
year = "1998",
note = "Advance information systems engineering",
issn = "0306-4379",
doi = "https://doi.org/10.1016/S0306-4379(98)00005-2",
url = "http://www.sciencedirect.com/science/article/pii/S0306437998000052",
author = "John Mylopoulos",
keywords = "Conceptual Model, Semantic Data Model, Requirements Model, Knowledge Representation Language, Ontology, Abstraction Mechanism, Classification, Generalization, Aggregation, Contextualization, Materialization, Normalization, Parameterization, Semantic Network"
}
@article{MILLER19955,
title = "Towards a benchmark for the evaluation of software testing techniques",
journal = "Information and Software Technology",
volume = "37",
number = "1",
pages = "5 - 13",
year = "1995",
issn = "0950-5849",
doi = "https://doi.org/10.1016/0950-5849(94)00456-3",
url = "http://www.sciencedirect.com/science/article/pii/0950584994004563",
author = "James Miller and Marc Roper and Murray Wood and Andrew Brooks",
keywords = "testing, software quality, experimentation, benchmark repository"
}
@article{WOODWARD1997357,
title = "Detecting logic errors in discrete-event simulation: reverse engineering through event graphs",
journal = "Simulation Practice and Theory",
volume = "5",
number = "4",
pages = "357 - 376",
year = "1997",
issn = "0928-4869",
doi = "https://doi.org/10.1016/S0928-4869(96)00002-X",
url = "http://www.sciencedirect.com/science/article/pii/S092848699600002X",
author = "Ernest E. Woodward and Gerald T. Mackulak",
keywords = "Discrete-event simulation, Event graphs, Simulation models, General purpose simulation code, Reverse engineering, Model verification, Simulation debugging, Result analysis"
}
@article{POLSON1992741,
title = "Cognitive walkthroughs: a method for theory-based evaluation of user interfaces",
journal = "International Journal of Man-Machine Studies",
volume = "36",
number = "5",
pages = "741 - 773",
year = "1992",
issn = "0020-7373",
doi = "https://doi.org/10.1016/0020-7373(92)90039-N",
url = "http://www.sciencedirect.com/science/article/pii/002073739290039N",
author = "Peter G. Polson and Clayton Lewis and John Rieman and Cathleen Wharton"
}
@article{RODRIGUEZ2003169,
title = "A Framework for Selecting Components Automatically: A First Approach",
journal = "Electronic Notes in Theoretical Computer Science",
volume = "82",
number = "6",
pages = "169 - 179",
year = "2003",
note = "TACoS'03, International Workshop on Test and Analysis of Component-Based Systems (Satellite Event of ETAPS 2003)",
issn = "1571-0661",
doi = "https://doi.org/10.1016/S1571-0661(04)81035-1",
url = "http://www.sciencedirect.com/science/article/pii/S1571066104810351",
author = "Ismael Rodríguez and Fernando Rubio"
}
@article{ADANCOELLO199867,
title = "Developing predictable and flexible distributed real-time systems",
journal = "Control Engineering Practice",
volume = "6",
number = "1",
pages = "67 - 81",
year = "1998",
issn = "0967-0661",
doi = "https://doi.org/10.1016/S0967-0661(97)10048-X",
url = "http://www.sciencedirect.com/science/article/pii/S096706619710048X",
author = "Juan Manuel Adán-Coello and Maurı́cio F. Magalhães and Krithi Ramamritham",
keywords = "Real-time systems, Predictability, configuration language, task graphs, scheduling"
}