@article{GURRUTXAGA2011310,
title = "Key connectors in protected forest area networks and the impact of highways: A transnational case study from the Cantabrian Range to the Western Alps (SW Europe)",
journal = "Landscape and Urban Planning",
volume = "101",
number = "4",
pages = "310 - 320",
year = "2011",
issn = "0169-2046",
doi = "https://doi.org/10.1016/j.landurbplan.2011.02.036",
url = "http://www.sciencedirect.com/science/article/pii/S0169204611001022",
author = "Mikel Gurrutxaga and Lidón Rubio and Santiago Saura",
keywords = "Landscape ecology, Landscape connectivity, Probability of connectivity, Graph theory, Conefor Sensinode, Eco-regional planning"
}
@article{WANG2008261,
title = "Empirical optimization of ASL data analysis using an ASL data processing toolbox: ASLtbx",
journal = "Magnetic Resonance Imaging",
volume = "26",
number = "2",
pages = "261 - 269",
year = "2008",
issn = "0730-725X",
doi = "https://doi.org/10.1016/j.mri.2007.07.003",
url = "http://www.sciencedirect.com/science/article/pii/S0730725X07003517",
author = "Ze Wang and Geoffrey K. Aguirre and Hengyi Rao and Jiongjiong Wang and María A. Fernández-Seara and Anna R. Childress and John A. Detre",
keywords = "ASL perfusion MRI, fMRI, ASL data processing"
}
@article{BUI2016141,
title = "PDF text classification to leverage information extraction from publication reports",
journal = "Journal of Biomedical Informatics",
volume = "61",
pages = "141 - 148",
year = "2016",
issn = "1532-0464",
doi = "https://doi.org/10.1016/j.jbi.2016.03.026",
url = "http://www.sciencedirect.com/science/article/pii/S153204641630017X",
author = "Duy Duc An Bui and Guilherme Del Fiol and Siddhartha Jonnalagadda",
keywords = "Text classification, Natural language processing, Document analysis, Machine learning"
}
@article{SMYTH2014220,
title = "The role of computational fluid dynamics in understanding shipwreck site formation processes",
journal = "Journal of Archaeological Science",
volume = "45",
pages = "220 - 225",
year = "2014",
issn = "0305-4403",
doi = "https://doi.org/10.1016/j.jas.2014.02.025",
url = "http://www.sciencedirect.com/science/article/pii/S0305440314000740",
author = "T.A.G. Smyth and R. Quinn",
keywords = "Computational fluid dynamics, Multi-beam echo-sounder, Shipwreck, Site formation processes, Hydrodynamics"
}
@article{MOTSCHNIGPITRIK1996113,
title = "Analyzing the notions of attribute, aggregate, part and member in data/knowledge modeling",
journal = "Journal of Systems and Software",
volume = "33",
number = "2",
pages = "113 - 122",
year = "1996",
note = "Information System Development: Enhanced Best Papers from the Fourth International Conference",
issn = "0164-1212",
doi = "https://doi.org/10.1016/0164-1212(95)00191-3",
url = "http://www.sciencedirect.com/science/article/pii/0164121295001913",
author = "Renate Motschnig-Pitrik"
}
@incollection{SPIELMAN2003111,
title = "Chapter 10 - Configuring, Testing, and Rolling out Your Application",
editor = "Sue Spielman",
booktitle = "The Struts Framework",
publisher = "Morgan Kaufmann",
address = "San Francisco",
pages = "111 - 119",
year = "2003",
series = "The Morgan Kaufmann Series in Data Management Systems",
isbn = "978-1-55860-862-7",
doi = "https://doi.org/10.1016/B978-155860862-7/50010-4",
url = "http://www.sciencedirect.com/science/article/pii/B9781558608627500104",
author = "Sue Spielman"
}
@article{EASSA1995239,
title = "AIDA: A dynamic analyzer for Ada programs",
journal = "Journal of Systems and Software",
volume = "31",
number = "3",
pages = "239 - 255",
year = "1995",
issn = "0164-1212",
doi = "https://doi.org/10.1016/0164-1212(94)00101-4",
url = "http://www.sciencedirect.com/science/article/pii/0164121294001014",
author = "F.E. Eassa and L.J. Osterweil and M.Z.Abdel Mageed"
}
@article{DAVIES2016617,
title = "Computational Screening of All Stoichiometric Inorganic Materials",
journal = "Chem",
volume = "1",
number = "4",
pages = "617 - 627",
year = "2016",
issn = "2451-9294",
doi = "https://doi.org/10.1016/j.chempr.2016.09.010",
url = "http://www.sciencedirect.com/science/article/pii/S2451929416301553",
author = "Daniel W. Davies and Keith T. Butler and Adam J. Jackson and Andrew Morris and Jarvist M. Frost and Jonathan M. Skelton and Aron Walsh",
keywords = "functional materials, computational chemistry, materials design, solar energy, high-throughput screening, water splitting, perovskites, structure prediction, SDG7: Affordable and clean energy"
}
@article{HUANG2015140,
title = "iQIST: An open source continuous-time quantum Monte Carlo impurity solver toolkit",
journal = "Computer Physics Communications",
volume = "195",
pages = "140 - 160",
year = "2015",
issn = "0010-4655",
doi = "https://doi.org/10.1016/j.cpc.2015.04.020",
url = "http://www.sciencedirect.com/science/article/pii/S0010465515001629",
author = "Li Huang and Yilin Wang and Zi Yang Meng and Liang Du and Philipp Werner and Xi Dai",
keywords = "Quantum impurity model, Continuous-time quantum Monte Carlo algorithm, Dynamical mean-field theory"
}
@article{GRISSOM199515,
title = "StEP(3D): a standardized evaluation plan for three-dimensional interaction techniques",
journal = "International Journal of Human-Computer Studies",
volume = "43",
number = "1",
pages = "15 - 41",
year = "1995",
issn = "1071-5819",
doi = "https://doi.org/10.1006/ijhc.1995.1034",
url = "http://www.sciencedirect.com/science/article/pii/S1071581985710348",
author = "Scott B. Grissom and Gary Perlman"
}
@article{RAHMAN2013e45,
title = "Integrating computer applications into undergraduate courses: Process control and utility design",
journal = "Education for Chemical Engineers",
volume = "8",
number = "2",
pages = "e45 - e57",
year = "2013",
issn = "1749-7728",
doi = "https://doi.org/10.1016/j.ece.2013.02.003",
url = "http://www.sciencedirect.com/science/article/pii/S1749772813000043",
author = "N.A. Rahman and M.A. Hussain and J.M. Jahim and S.K. Kamaruddin and S.R. Sheikh Abdullah and M.Z.F. Kamaruddin",
keywords = "Bioreactor, Cost, Design software, Heat transfer area, MATLAB, Real-time control"
}
@incollection{FITCH1986181,
title = "12 - Developing Software",
editor = "JAMES L. FITCH",
booktitle = "Clinical Applications of Microcomputers in Communication Disorders",
publisher = "Academic Press",
pages = "181 - 189",
year = "1986",
isbn = "978-0-12-257756-7",
doi = "https://doi.org/10.1016/B978-0-12-257756-7.50016-0",
url = "http://www.sciencedirect.com/science/article/pii/B9780122577567500160",
author = "JAMES L. FITCH"
}
@article{HUANG2017423,
title = "iQIST v0.7: An open source continuous-time quantum Monte Carlo impurity solver toolkit",
journal = "Computer Physics Communications",
volume = "221",
pages = "423 - 424",
year = "2017",
issn = "0010-4655",
doi = "https://doi.org/10.1016/j.cpc.2017.08.026",
url = "http://www.sciencedirect.com/science/article/pii/S0010465517302898",
author = "Li Huang",
keywords = "Quantum impurity solver, Continuous-time quantum Monte Carlo, Two-particle Green’s function"
}
@article{BOLLATI2013699,
title = "Applying MDE to the (semi-)automatic development of model transformations",
journal = "Information and Software Technology",
volume = "55",
number = "4",
pages = "699 - 718",
year = "2013",
issn = "0950-5849",
doi = "https://doi.org/10.1016/j.infsof.2012.11.004",
url = "http://www.sciencedirect.com/science/article/pii/S0950584912002303",
author = "Verónica Andrea Bollati and Juan Manuel Vara and Álvaro Jiménez and Esperanza Marcos",
keywords = "Model transformations, Model-driven development, Design tools and techniques"
}
@article{RODRIGUEZPEREZ20141,
title = "A pulse-length correction to improve energy-based seabed classification in coastal areas",
journal = "Continental Shelf Research",
volume = "77",
pages = "1 - 13",
year = "2014",
issn = "0278-4343",
doi = "https://doi.org/10.1016/j.csr.2014.01.012",
url = "http://www.sciencedirect.com/science/article/pii/S0278434314000259",
author = "Daniel Rodríguez-Pérez and Noela Sánchez-Carnero and Juan Freire",
keywords = "Benthic habitat classification, Cluster classification, Echo correction, PCA analysis, Ping-length correction, Single-beam"
}
@article{SANTANA20133021,
title = "Neural-swarm visual saliency for path following",
journal = "Applied Soft Computing",
volume = "13",
number = "6",
pages = "3021 - 3032",
year = "2013",
note = "Swarm intelligence in image and video processing.",
issn = "1568-4946",
doi = "https://doi.org/10.1016/j.asoc.2012.07.011",
url = "http://www.sciencedirect.com/science/article/pii/S1568494612003110",
author = "Pedro Santana and Ricardo Mendonça and Luís Correia and José Barata",
keywords = "Swarm cognition, Swarm intelligence, Neural-swarm models, Visual saliency, Path detection and tracking, Autonomous robots"
}
@article{ALBRECHT2013959,
title = "Posterior shape models",
journal = "Medical Image Analysis",
volume = "17",
number = "8",
pages = "959 - 973",
year = "2013",
issn = "1361-8415",
doi = "https://doi.org/10.1016/j.media.2013.05.010",
url = "http://www.sciencedirect.com/science/article/pii/S1361841513000844",
author = "Thomas Albrecht and Marcel Lüthi and Thomas Gerig and Thomas Vetter",
keywords = "Statistical shape model, Conditional shape model, Posterior shape model, Image segmentation, Trochlear dysplasia"
}
@article{PAKHOMOV2011251,
title = "Towards a framework for developing semantic relatedness reference standards",
journal = "Journal of Biomedical Informatics",
volume = "44",
number = "2",
pages = "251 - 265",
year = "2011",
issn = "1532-0464",
doi = "https://doi.org/10.1016/j.jbi.2010.10.004",
url = "http://www.sciencedirect.com/science/article/pii/S1532046410001565",
author = "Serguei V.S. Pakhomov and Ted Pedersen and Bridget McInnes and Genevieve B. Melton and Alexander Ruggieri and Christopher G. Chute",
keywords = "Semantic relatedness, Reference standards, Reliability, Inter-annotator agreement"
}
@article{STAV2013e269,
title = "Development and evaluation of SOA-based AAL services in real-life environments: A case study and lessons learned",
journal = "International Journal of Medical Informatics",
volume = "82",
number = "11",
pages = "e269 - e293",
year = "2013",
issn = "1386-5056",
doi = "https://doi.org/10.1016/j.ijmedinf.2011.03.007",
url = "http://www.sciencedirect.com/science/article/pii/S1386505611000736",
author = "Erlend Stav and Ståle Walderhaug and Marius Mikalsen and Sten Hanke and Ivan Benc",
keywords = "Ambient Assisted Living, Service-Oriented Architecture, Information systems, Model-driven architecture, Model-driven development, Case study"
}
@article{KOOTSEY1986405,
title = "Future directions in computer simulation",
journal = "Bulletin of Mathematical Biology",
volume = "48",
number = "3",
pages = "405 - 415",
year = "1986",
note = "Simulation in Cancer Research",
issn = "0092-8240",
doi = "https://doi.org/10.1016/S0092-8240(86)90035-2",
url = "http://www.sciencedirect.com/science/article/pii/S0092824086900352",
author = "J. Mailen Kootsey"
}
@article{JARLIER2013196,
title = "A Navigation Analysis Tool (NAT) to assess spatial behavior in open-field and structured mazes",
journal = "Journal of Neuroscience Methods",
volume = "215",
number = "2",
pages = "196 - 209",
year = "2013",
issn = "0165-0270",
doi = "https://doi.org/10.1016/j.jneumeth.2013.02.018",
url = "http://www.sciencedirect.com/science/article/pii/S0165027013000927",
author = "Frédéric Jarlier and Angelo Arleo and Géraldine H. Petit and Julie M. Lefort and Céline Fouquet and Eric Burguière and Laure Rondi-Reig",
keywords = "Spatial behavior, Navigation strategies, Goal-oriented behavior, Decision point analysis, Automated statistical analysis, MATLAB analysis toolbox, MySQL relational database, JAVA graphical user interface, Open source software"
}
@incollection{GRIMER2004187,
title = "7 - Interoperability issues",
editor = "Tony Grimer",
booktitle = "Student's Essential Guide to .NET",
publisher = "Butterworth-Heinemann",
address = "Oxford",
pages = "187 - 208",
year = "2004",
isbn = "978-0-7506-6131-7",
doi = "https://doi.org/10.1016/B978-075066131-7/50008-X",
url = "http://www.sciencedirect.com/science/article/pii/B978075066131750008X",
author = "Tony Grimer"
}
@incollection{CROWLEY20041,
title = "Chapter 1 - Network Processors: Themes and Challenges",
editor = "Patrick Crowley and Mark A. Franklin and Haldun Hadimioglu and Peter Z. Onufryk",
booktitle = "Network Processor Design",
publisher = "Morgan Kaufmann",
address = "San Francisco",
pages = "1 - 7",
year = "2004",
volume = "2",
series = "The Morgan Kaufmann Series in Computer Architecture and Design",
issn = "15459888",
doi = "https://doi.org/10.1016/B978-012198157-0/50002-7",
url = "http://www.sciencedirect.com/science/article/pii/B9780121981570500027",
author = "Patrick Crowley and Mark A. Franklin and Haldun Hadimioglu and Peter Z. Onufryk"
}
@article{FOTEINOS20142123,
title = "High quality real-time Image-to-Mesh conversion for finite element simulations",
journal = "Journal of Parallel and Distributed Computing",
volume = "74",
number = "2",
pages = "2123 - 2140",
year = "2014",
issn = "0743-7315",
doi = "https://doi.org/10.1016/j.jpdc.2013.11.002",
url = "http://www.sciencedirect.com/science/article/pii/S0743731513002232",
author = "Panagiotis A. Foteinos and Nikos P. Chrisochoides",
keywords = "Parallel Delaunay mesh refinement, Scalability, Quality, Fidelity, Shared-memory"
}
@article{NASSIF2013144,
title = "Towards an early software estimation using log-linear regression and a multilayer perceptron model",
journal = "Journal of Systems and Software",
volume = "86",
number = "1",
pages = "144 - 160",
year = "2013",
issn = "0164-1212",
doi = "https://doi.org/10.1016/j.jss.2012.07.050",
url = "http://www.sciencedirect.com/science/article/pii/S0164121212002221",
author = "Ali Bou Nassif and Danny Ho and Luiz Fernando Capretz",
keywords = "Use case points, Log-linear regression model, Software effort estimation, Multilayer perceptron"
}
@article{WALZIK2015639,
title = "A portable low-cost long-term live-cell imaging platform for biomedical research and education",
journal = "Biosensors and Bioelectronics",
volume = "64",
pages = "639 - 649",
year = "2015",
issn = "0956-5663",
doi = "https://doi.org/10.1016/j.bios.2014.09.061",
url = "http://www.sciencedirect.com/science/article/pii/S0956566314007489",
author = "Maria P. Walzik and Verena Vollmar and Theresa Lachnit and Helmut Dietz and Susanne Haug and Holger Bachmann and Moritz Fath and Daniel Aschenbrenner and Sepideh Abolpour Mofrad and Oliver Friedrich and Daniel F. Gilbert",
keywords = "Label-free long-term live-cell imaging, Low-cost biosensor technology, Rapid prototyping, 3D-desktop printing, Arduino"
}
@article{JR2013357,
title = "The VERITAS Facility: A Virtual Environment Platform for Human Performance Research",
journal = "IFAC Proceedings Volumes",
volume = "46",
number = "15",
pages = "357 - 362",
year = "2013",
note = "12th IFAC Symposium on Analysis, Design, and Evaluation of Human-Machine Systems",
issn = "1474-6670",
doi = "https://doi.org/10.3182/20130811-5-US-2037.00047",
url = "http://www.sciencedirect.com/science/article/pii/S1474667016330889",
author = "Jeffrey L. Cowgill Jr and Robert H. Gilkey and Brian D. Simpson",
keywords = "computer graphics, computer simulation, computer software, computer architectures, human factors, human-machine interface"
}
@article{ZHENG2013175,
title = "Application of fast Fourier transform cross-correlation and mass spectrometry data for accurate alignment of chromatograms",
journal = "Journal of Chromatography A",
volume = "1286",
pages = "175 - 182",
year = "2013",
issn = "0021-9673",
doi = "https://doi.org/10.1016/j.chroma.2013.02.063",
url = "http://www.sciencedirect.com/science/article/pii/S0021967313003701",
author = "Yi-Bao Zheng and Zhi-Min Zhang and Yi-Zeng Liang and De-Jian Zhan and Jian-Hua Huang and Yong-Huan Yun and Hua-Lin Xie",
keywords = "Chromatography, Peak alignment, Fast Fourier transform, Cross correlation, Gas chromatography–mass spectrometry, Liquid chromatograph–mass spectrometer"
}
@article{VASSTROM1992175,
title = "Cooperation between countries — The Nordic model",
journal = "Education and Computing",
volume = "8",
number = "1",
pages = "175 - 179",
year = "1992",
issn = "0167-9287",
doi = "https://doi.org/10.1016/0167-9287(92)80028-A",
url = "http://www.sciencedirect.com/science/article/pii/016792879280028A",
author = "Ulf Vasström",
keywords = "Agreement, cooperation, software development, know-how, methods of production, rationalization, research, resources, software standardization, workshops"
}
@article{LIANG1989297,
title = "A systematic approach to the design and reliability analysis of a fault-tolerant controller—I. Design aspects",
journal = "Reliability Engineering & System Safety",
volume = "24",
number = "4",
pages = "297 - 342",
year = "1989",
issn = "0951-8320",
doi = "https://doi.org/10.1016/0951-8320(89)90035-5",
url = "http://www.sciencedirect.com/science/article/pii/0951832089900355",
author = "Enju Liang and Rodrigo J. Rodriguez and Abdo A. Husseiny and N.K. Nagaraj"
}
@article{FENSOME199237,
title = "Prototyping Real-Time Engineering Systems Using Halley & Pirbhai’s Requirement Model",
journal = "IFAC Proceedings Volumes",
volume = "25",
number = "11",
pages = "37 - 41",
year = "1992",
note = "IFAC Workshop on Real Time Programming (WRTP'92), Bruges, Belgium, 23-26 June 1992",
issn = "1474-6670",
doi = "https://doi.org/10.1016/S1474-6670(17)50121-4",
url = "http://www.sciencedirect.com/science/article/pii/S1474667017501214",
author = "David A. Fensome",
keywords = "Control system design, Computer simulation, Modelling, Prototyping, Real time computer systems, Software development, Software specification, Transformation Schema"
}
@article{MEYER1995111,
title = "The impact of knowledge and technology complexity on information systems development",
journal = "Expert Systems with Applications",
volume = "8",
number = "1",
pages = "111 - 134",
year = "1995",
issn = "0957-4174",
doi = "https://doi.org/10.1016/0957-4174(94)E0003-D",
url = "http://www.sciencedirect.com/science/article/pii/0957417494E0003D",
author = "Marl H. Meyer and Kathleen Foley Curley"
}
@article{PARK1993637,
title = "Design of a Cell Controller from the Software Development Viewpoint",
journal = "IFAC Proceedings Volumes",
volume = "26",
number = "2, Part 2",
pages = "637 - 642",
year = "1993",
note = "12th Triennal Wold Congress of the International Federation of Automatic control. Volume 2 Robust Control, Design and Software, Sydney, Australia, 18-23 July",
issn = "1474-6670",
doi = "https://doi.org/10.1016/S1474-6670(17)49021-5",
url = "http://www.sciencedirect.com/science/article/pii/S1474667017490215",
author = "G.J. Park and S.H. Do and S. Heu and Y.S. Moon and J. Lim",
keywords = "Computer Application, Flexible Manufacturing, Computer Communication, Integrated Plant Control, Manufacturing Process, System Integrity"
}
@article{YOSHIMURA1992125,
title = "Reliability aspects of man-machine interface",
journal = "Reliability Engineering & System Safety",
volume = "38",
number = "1",
pages = "125 - 134",
year = "1992",
issn = "0951-8320",
doi = "https://doi.org/10.1016/0951-8320(92)90113-Y",
url = "http://www.sciencedirect.com/science/article/pii/095183209290113Y",
author = "Sadanori Yoshimura and Tsutomu Ohtsuka and Ju-Ichiro Itoh"
}
@article{BEAZLEY2003599,
title = "Automated scientific software scripting with SWIG",
journal = "Future Generation Computer Systems",
volume = "19",
number = "5",
pages = "599 - 609",
year = "2003",
note = "Tools for Program Development and Analysis. Best papers from two Technical Sessions, at ICCS2001, San Francisco, CA, USA, and ICCS2002, Amsterdam, The Netherlands",
issn = "0167-739X",
doi = "https://doi.org/10.1016/S0167-739X(02)00171-1",
url = "http://www.sciencedirect.com/science/article/pii/S0167739X02001711",
author = "D.M. Beazley",
keywords = "Scientific software, SWIG, Scripting languages, Python, Interface compiler"
}
@article{REEVES2013118,
title = "Detecting temporal expressions in medical narratives",
journal = "International Journal of Medical Informatics",
volume = "82",
number = "2",
pages = "118 - 127",
year = "2013",
issn = "1386-5056",
doi = "https://doi.org/10.1016/j.ijmedinf.2012.04.006",
url = "http://www.sciencedirect.com/science/article/pii/S1386505612000731",
author = "Ruth M. Reeves and Ferdo R. Ong and Michael E. Matheny and Joshua C. Denny and Dominik Aronsky and Glenn T. Gobbel and Diane Montella and Theodore Speroff and Steven H. Brown",
keywords = "Event sequence, TimeML, Temporal reasoning, Narration, Natural language processing"
}
@article{MCINNES20131116,
title = "Evaluating measures of semantic similarity and relatedness to disambiguate terms in biomedical text",
journal = "Journal of Biomedical Informatics",
volume = "46",
number = "6",
pages = "1116 - 1124",
year = "2013",
note = "Special Section: Social Media Environments",
issn = "1532-0464",
doi = "https://doi.org/10.1016/j.jbi.2013.08.008",
url = "http://www.sciencedirect.com/science/article/pii/S1532046413001238",
author = "Bridget T. McInnes and Ted Pedersen",
keywords = "Natural language processing, NLP, Word sense disambiguation, WSD, Semantic similarity and relatedness, Biomedical documents"
}
@article{KONIG1991117,
title = "An Information System for Production Management in the Chemical Industry",
journal = "IFAC Proceedings Volumes",
volume = "24",
number = "12",
pages = "117 - 121",
year = "1991",
note = "IFAC Workshop on Production Control in the Process Industry, Osaka, Japan, 29-31 October",
issn = "1474-6670",
doi = "https://doi.org/10.1016/B978-0-08-036929-7.50025-5",
url = "http://www.sciencedirect.com/science/article/pii/B9780080369297500255",
author = "J. König and W. Stockhausen",
keywords = "automation, chemical industry, computer control, control systems, information science, production control, software development"
}
@article{GRATCH1996101,
title = "A statistical approach to adaptive problem solving",
journal = "Artificial Intelligence",
volume = "88",
number = "1",
pages = "101 - 142",
year = "1996",
issn = "0004-3702",
doi = "https://doi.org/10.1016/S0004-3702(96)00011-2",
url = "http://www.sciencedirect.com/science/article/pii/S0004370296000112",
author = "Jonathan Gratch and Gerald DeJong"
}
@incollection{BIAS20051,
title = "1 Chapter - Justifying Cost-Justifying Usability",
editor = "Randolph G. Bias and Deborah J. Mayhew",
booktitle = "Cost-Justifying Usability (Second Edition)",
publisher = "Morgan Kaufmann",
edition = "Second Edition",
address = "San Francisco",
pages = "1 - 16",
year = "2005",
series = "Interactive Technologies",
isbn = "978-0-12-095811-5",
doi = "https://doi.org/10.1016/B978-012095811-5/50001-8",
url = "http://www.sciencedirect.com/science/article/pii/B9780120958115500018",
author = "Randolph G. Bias and Clare-Marie Karat"
}
@article{KORZEC2013396,
title = "Time-stepping methods for the simulation of the self-assembly of nano-crystals in Matlab on a GPU",
journal = "Journal of Computational Physics",
volume = "251",
pages = "396 - 413",
year = "2013",
issn = "0021-9991",
doi = "https://doi.org/10.1016/j.jcp.2013.05.040",
url = "http://www.sciencedirect.com/science/article/pii/S0021999113004063",
author = "M.D. Korzec and T. Ahnert",
keywords = "Quantum dot self-assembly, Time-stepping, GPU, IMEX, Pseudospectral method, Convexity splitting, Exponential integrators, M"
}
@article{EASSA1994107,
title = "AIDA: a dynamic analyser for Ada programs",
journal = "Information and Software Technology",
volume = "36",
number = "2",
pages = "107 - 117",
year = "1994",
issn = "0950-5849",
doi = "https://doi.org/10.1016/0950-5849(94)90090-6",
url = "http://www.sciencedirect.com/science/article/pii/0950584994900906",
author = "F.E. Eassa and L.J. Osterweil and M.Z. Abdel-mageed",
keywords = "AIDA, Ada programs, dynamic analysers, temporal logic, testing, experimental evaluation"
}
@article{LEWIS1998123,
title = "A computer-based informal environmental management system for agriculture",
journal = "Environmental Modelling & Software",
volume = "13",
number = "2",
pages = "123 - 137",
year = "1998",
issn = "1364-8152",
doi = "https://doi.org/10.1016/S1364-8152(98)00010-3",
url = "http://www.sciencedirect.com/science/article/pii/S1364815298000103",
author = "K.A. Lewis and K.S. Bardon",
keywords = "environmental impact by agriculture, decision support system, environmental management, sustainable agriculture"
}
@article{HUTTON20122087,
title = "Experiment archive, analysis, and visualization at the National Ignition Facility",
journal = "Fusion Engineering and Design",
volume = "87",
number = "12",
pages = "2087 - 2091",
year = "2012",
note = "Proceedings of the 8th IAEA Technical Meeting on Control, Data Acquisition, and Remote Participation for Fusion Research",
issn = "0920-3796",
doi = "https://doi.org/10.1016/j.fusengdes.2012.07.009",
url = "http://www.sciencedirect.com/science/article/pii/S0920379612003274",
author = "Matthew S. Hutton and Stephen Azevedo and Richard Beeler and Rita Bettenhausen and Essex Bond and Allan Casey and Judith Liebman and Amber Marsh and Thomas Pannell and Abbie Warrick",
keywords = "NIF, National Ignition Facility, Scientific archive, Web-based visualization, Automated analysis, Dashboards"
}
@article{LAHTINEN2012104,
title = "Model checking of safety-critical software in the nuclear engineering domain",
journal = "Reliability Engineering & System Safety",
volume = "105",
pages = "104 - 113",
year = "2012",
note = "ESREL 2010",
issn = "0951-8320",
doi = "https://doi.org/10.1016/j.ress.2012.03.021",
url = "http://www.sciencedirect.com/science/article/pii/S0951832012000555",
author = "J. Lahtinen and J. Valkonen and K. Björkman and J. Frits and I. Niemelä and K. Heljanko",
keywords = "Model checking, Verification, Safety, I&C, Automation, Nuclear"
}
@article{TAMMI200347,
title = "trap: Tandem Repeat Assembly Program produces improved shotgun assemblies of repetitive sequences",
journal = "Computer Methods and Programs in Biomedicine",
volume = "70",
number = "1",
pages = "47 - 59",
year = "2003",
issn = "0169-2607",
doi = "https://doi.org/10.1016/S0169-2607(01)00194-8",
url = "http://www.sciencedirect.com/science/article/pii/S0169260701001948",
author = "Martti T Tammi and Erik Arner and Björn Andersson",
keywords = "Shotgun assembly, Repeated sequences, Software development, Bioinformatics"
}
@incollection{STOESSEL199689,
title = " - A parallel tool for the study of 3D turbulent combustion phenomena",
editor = "A. Ecer and J. Periaux and N. Satdfuka and S. Taylor",
booktitle = "Parallel Computational Fluid Dynamics 1995",
publisher = "North-Holland",
address = "Amsterdam",
pages = "89 - 96",
year = "1996",
isbn = "978-0-444-82322-9",
doi = "https://doi.org/10.1016/B978-044482322-9/50065-7",
url = "http://www.sciencedirect.com/science/article/pii/B9780444823229500657",
author = "A. Stoessel"
}
@article{WARREN19963,
title = "Experimental evaluation of a simulation environment for information systems design",
journal = "Journal of Systems and Software",
volume = "32",
number = "1",
pages = "3 - 20",
year = "1996",
issn = "0164-1212",
doi = "https://doi.org/10.1016/0164-1212(95)00048-8",
url = "http://www.sciencedirect.com/science/article/pii/0164121295000488",
author = "James R. Warren and A.F. Norcio and Jack W. Stott and G.C. Canfield"
}
@incollection{SILVERSMITH1995123,
title = "THE M.S. IN ELECTRONICS AND COMPUTER CONTROL SYSTEMS: A STRATEGIC EDUCATIONAL PARTNERSHIP BETWEEN WAYNE STATE UNIVERSITY AND THE FORD MOTOR COMPANY",
editor = "A. ICHIKAWA and K. FURUTA",
booktitle = "Advances in Control Education 1994",
publisher = "Pergamon",
address = "Oxford",
pages = "123 - 124",
year = "1995",
series = "IFAC Postprint Volume",
isbn = "978-0-08-042230-5",
doi = "https://doi.org/10.1016/B978-0-08-042230-5.50035-9",
url = "http://www.sciencedirect.com/science/article/pii/B9780080422305500359",
author = "D.J. SILVERSMITH"
}
@article{CONTE198049,
title = "MIL project: a microcomputer integrated laboratory",
journal = "Microprocessors and Microsystems",
volume = "4",
number = "2",
pages = "49 - 52",
year = "1980",
issn = "0141-9331",
doi = "https://doi.org/10.1016/0141-9331(80)90363-4",
url = "http://www.sciencedirect.com/science/article/pii/0141933180903634",
author = "G Conte and D DelCorso and M Giordana and F Gregoretti and V Pozzolo"
}
@article{KONIG1990293,
title = "An Information System for Production and Process Control in the Chemical Industry",
journal = "IFAC Proceedings Volumes",
volume = "23",
number = "8, Part 5",
pages = "293 - 296",
year = "1990",
note = "11th IFAC World Congress on Automatic Control, Tallinn, 1990 - Volume 5, Tallinn, Finland",
issn = "1474-6670",
doi = "https://doi.org/10.1016/S1474-6670(17)51749-8",
url = "http://www.sciencedirect.com/science/article/pii/S1474667017517498",
author = "J. König and W. Stockhausen",
keywords = "automation, chemical industry, computer control, control systems, information science, production control, software development"
}
@article{ALDALLAL20121125,
title = "Constructing models for predicting extract subclass refactoring opportunities using object-oriented quality metrics",
journal = "Information and Software Technology",
volume = "54",
number = "10",
pages = "1125 - 1141",
year = "2012",
issn = "0950-5849",
doi = "https://doi.org/10.1016/j.infsof.2012.04.004",
url = "http://www.sciencedirect.com/science/article/pii/S0950584912000754",
author = "Jehad Al Dallal",
keywords = "Object-oriented design, Extract subclass refactoring, Class quality, Class cohesion, Class coupling, Logistic regression analysis"
}
@incollection{ARCHIBALD2005357,
title = "Chapter 13 - Reporting from Ethereal",
editor = "Neil Archibald and Gilbert Ramirez and Noam Rathaus and Josh Burke and Brian Caswell and Renaud Deraison",
booktitle = "Nessus, Snort, & Ethereal Power Tools",
publisher = "Syngress",
address = "Burlington",
pages = "357 - 400",
year = "2005",
isbn = "978-1-59749-020-7",
doi = "https://doi.org/10.1016/B978-159749020-7/50018-5",
url = "http://www.sciencedirect.com/science/article/pii/B9781597490207500185",
author = "Neil Archibald and Gilbert Ramirez and Noam Rathaus and Josh Burke and Brian Caswell and Renaud Deraison"
}
@incollection{ROMANENKO20031346,
title = "A system for chemical process control and supervision based on real-time Linux",
editor = "Bingzhen Chen and Arthur W. Westerberg",
series = "Computer Aided Chemical Engineering",
publisher = "Elsevier",
volume = "15",
pages = "1346 - 1351",
year = "2003",
booktitle = "Process Systems Engineering 2003, 8th International Symposium on Process Systems Engineering",
issn = "1570-7946",
doi = "https://doi.org/10.1016/S1570-7946(03)80497-2",
url = "http://www.sciencedirect.com/science/article/pii/S1570794603804972",
author = "Andrey Romanenko and Nuno M.C. Oliveira and Lino O. Santos and Paulo A.F.N.A. Afonso"
}
@article{AMATULLI2007321,
title = "Mapping lightning/human-caused wildfires occurrence under ignition point location uncertainty",
journal = "Ecological Modelling",
volume = "200",
number = "3",
pages = "321 - 333",
year = "2007",
issn = "0304-3800",
doi = "https://doi.org/10.1016/j.ecolmodel.2006.08.001",
url = "http://www.sciencedirect.com/science/article/pii/S0304380006003772",
author = "Giuseppe Amatulli and Fernando Peréz-Cabello and Juan de la Riva",
keywords = "Fire occurrence, Kernel density, Fire ignition points, Fire atlas, Fire spatial patterns, Location uncertainty"
}
@article{CAO20121693,
title = "A real-time data transmission method based on Linux for physical experimental readout systems",
journal = "Fusion Engineering and Design",
volume = "87",
number = "9",
pages = "1693 - 1699",
year = "2012",
issn = "0920-3796",
doi = "https://doi.org/10.1016/j.fusengdes.2012.07.010",
url = "http://www.sciencedirect.com/science/article/pii/S0920379612003286",
author = "Ping Cao and Kezhu Song and Junfeng Yang",
keywords = "Real-time, Data transmission, Readout system, Linux, Kernel, Direct memory access"
}
@article{DEMIRKAN2008356,
title = "Service-oriented technology and management: Perspectives on research and practice for the coming decade",
journal = "Electronic Commerce Research and Applications",
volume = "7",
number = "4",
pages = "356 - 376",
year = "2008",
issn = "1567-4223",
doi = "https://doi.org/10.1016/j.elerap.2008.07.002",
url = "http://www.sciencedirect.com/science/article/pii/S1567422308000288",
author = "Haluk Demirkan and Robert J. Kauffman and Jamshid A. Vayghan and Hans-Georg Fill and Dimitris Karagiannis and Paul P. Maglio",
keywords = "Business processes, Economic analysis, IT management, Research directions, Service-oriented architecture, Service paradigm, Service-oriented technology and management, Thought leadership"
}
@article{KRONBICHLER2012135,
title = "A generic interface for parallel cell-based finite element operator application",
journal = "Computers & Fluids",
volume = "63",
pages = "135 - 147",
year = "2012",
issn = "0045-7930",
doi = "https://doi.org/10.1016/j.compfluid.2012.04.012",
url = "http://www.sciencedirect.com/science/article/pii/S0045793012001429",
author = "Martin Kronbichler and Katharina Kormann",
keywords = "Finite/spectral element method, Matrix-free method, Sum-factorization, Hybrid parallelization"
}
@article{MYRGIOTI20131358,
title = "Bridging the HASM: An OWL ontology for modeling the information pathways in haptic interfaces software",
journal = "Expert Systems with Applications",
volume = "40",
number = "4",
pages = "1358 - 1371",
year = "2013",
issn = "0957-4174",
doi = "https://doi.org/10.1016/j.eswa.2012.08.053",
url = "http://www.sciencedirect.com/science/article/pii/S0957417412010147",
author = "Eirini Myrgioti and Nick Bassiliades and Amalia Miliou",
keywords = "Haptic devices, Haptic information, Haptic-tactile interfaces, Human–computer interaction, Ontology, OWL, SWRL rules, Software modeling"
}
@article{DISANZO2015219,
title = "A flexible framework for accurate simulation of cloud in-memory data stores",
journal = "Simulation Modelling Practice and Theory",
volume = "58",
pages = "219 - 238",
year = "2015",
note = "Special issue on Cloud Simulation",
issn = "1569-190X",
doi = "https://doi.org/10.1016/j.simpat.2015.05.011",
url = "http://www.sciencedirect.com/science/article/pii/S1569190X15000945",
author = "P. Di Sanzo and F. Quaglia and B. Ciciani and A. Pellegrini and D. Didona and P. Romano and R. Palmieri and S. Peluso",
keywords = "Cloud data stores, In-memory data stores, What-if analysis, Simulation/machine-learning integration"
}
@article{JOHNSON1989319,
title = "Exploiting parallelism in computational science",
journal = "Future Generation Computer Systems",
volume = "5",
number = "2",
pages = "319 - 337",
year = "1989",
note = "Grand Challenges to Computational Science",
issn = "0167-739X",
doi = "https://doi.org/10.1016/0167-739X(89)90050-2",
url = "http://www.sciencedirect.com/science/article/pii/0167739X89900502",
author = "Gary M. Johnson"
}
@article{NAKATA2004260,
title = "Accessible web-based collaborative tools and wireless personal PACS: feasibility of group work for radiologists",
journal = "International Congress Series",
volume = "1268",
pages = "260 - 264",
year = "2004",
note = "CARS 2004 - Computer Assisted Radiology and Surgery. Proceedings of the 18th International Congress and Exhibition",
issn = "0531-5131",
doi = "https://doi.org/10.1016/j.ics.2004.03.125",
url = "http://www.sciencedirect.com/science/article/pii/S0531513104005540",
author = "N Nakata and N Suzuki and Y Fukuda and K Fukuda",
keywords = "DICOM, PACS, PDA, Wiki, Wireless LAN"
}
@incollection{200765,
title = "Chapter 3 - Communication Security: Remote Access and Messaging",
editor = "Ido Dubrawsky",
booktitle = "How to Cheat at Securing Your Network",
publisher = "Syngress",
address = "Burlington",
pages = "65 - 104",
year = "2007",
series = "How to Cheat",
isbn = "978-1-59749-231-7",
doi = "https://doi.org/10.1016/B978-159749231-7.50006-X",
url = "http://www.sciencedirect.com/science/article/pii/B978159749231750006X"
}
@article{VIKAL201019,
title = "Perk Station—Percutaneous surgery training and performance measurement platform",
journal = "Computerized Medical Imaging and Graphics",
volume = "34",
number = "1",
pages = "19 - 32",
year = "2010",
note = "Image-Guided Surgical Planning and Therapy",
issn = "0895-6111",
doi = "https://doi.org/10.1016/j.compmedimag.2009.05.001",
url = "http://www.sciencedirect.com/science/article/pii/S0895611109000603",
author = "Siddharth Vikal and Paweena U-Thainual and John A. Carrino and Iulian Iordachita and Gregory S. Fischer and Gabor Fichtinger",
keywords = "Image guidance, Needle placement, Augmented reality, Surgical training"
}
@article{SPITZER1996235,
title = "A novel approach to color matching of automotive coatings",
journal = "Progress in Organic Coatings",
volume = "29",
number = "1",
pages = "235 - 238",
year = "1996",
note = "Proceedings of the 21st International Conference in Organic Coatings Science and Technology",
issn = "0300-9440",
doi = "https://doi.org/10.1016/S0300-9440(96)00618-2",
url = "http://www.sciencedirect.com/science/article/pii/S0300944096006182",
author = "D. Spitzer and R. Gottenbos and P. van Hensbergen and M. Lucassen",
keywords = "Color matching, Automotive coatings"
}
@article{ZAKI200133,
title = "A learning database system to observe malfunctions and to support network planning",
journal = "Journal of Systems and Software",
volume = "58",
number = "1",
pages = "33 - 46",
year = "2001",
issn = "0164-1212",
doi = "https://doi.org/10.1016/S0164-1212(01)00026-7",
url = "http://www.sciencedirect.com/science/article/pii/S0164121201000267",
author = "M. Zaki and Hany Harb and T.S. Sobh",
keywords = "Network management, Database systems, Open database connectivity, Pattern discovery, Abstraction, Explanation_based learning"
}
@article{CIZNICKI20121900,
title = "Benchmarking Data and Compute Intensive Applications on Modern CPU and GPU Architectures",
journal = "Procedia Computer Science",
volume = "9",
pages = "1900 - 1909",
year = "2012",
note = "Proceedings of the International Conference on Computational Science, ICCS 2012",
issn = "1877-0509",
doi = "https://doi.org/10.1016/j.procs.2012.04.208",
url = "http://www.sciencedirect.com/science/article/pii/S1877050912003298",
author = "Miłosz Ciżnicki and Michał Kierzynka and Piotr Kopta and Krzysztof Kurowski and Paweł Gepner",
keywords = "benchmarks, GPU, multi-core CPU, JPEG 2000, signal processing"
}
@incollection{DRITZ19929,
title = "Ada Solutions to the Salishan Problems",
editor = "John T. FEO",
booktitle = "A Comparative Study of Parallel Programming Languages",
publisher = "North-Holland",
address = "Amsterdam",
pages = "9 - 92",
year = "1992",
series = "Special Topics in Supercomputing",
isbn = "978-0-444-88135-9",
doi = "https://doi.org/10.1016/B978-0-444-88135-9.50007-3",
url = "http://www.sciencedirect.com/science/article/pii/B9780444881359500073",
author = "Kenneth W. Dritz"
}
@article{FROMHERZ1999157,
title = "Model-based computing: Developing flexible machine control software",
journal = "Artificial Intelligence",
volume = "114",
number = "1",
pages = "157 - 202",
year = "1999",
issn = "0004-3702",
doi = "https://doi.org/10.1016/S0004-3702(99)00066-1",
url = "http://www.sciencedirect.com/science/article/pii/S0004370299000661",
author = "Markus P.J. Fromherz and Vijay A. Saraswat and Daniel G. Bobrow",
keywords = "Model-based reasoning, Modeling, Constraint programming, Control, Scheduling"
}
@article{OU2004535,
title = "GS-Finder: a program to find bacterial gene start sites with a self-training method",
journal = "The International Journal of Biochemistry & Cell Biology",
volume = "36",
number = "3",
pages = "535 - 544",
year = "2004",
issn = "1357-2725",
doi = "https://doi.org/10.1016/j.biocel.2003.08.013",
url = "http://www.sciencedirect.com/science/article/pii/S1357272503003078",
author = "Hong-Yu Ou and Feng-Biao Guo and Chun-Ting Zhang",
keywords = "Translation initiation site, Bacterial genome, Gene identification"
}
@article{THOMAS200920,
title = "Bhoomi, Gyan Ganga, e-governance and the right to information: ICTs and development in India",
journal = "Telematics and Informatics",
volume = "26",
number = "1",
pages = "20 - 31",
year = "2009",
issn = "0736-5853",
doi = "https://doi.org/10.1016/j.tele.2007.12.004",
url = "http://www.sciencedirect.com/science/article/pii/S0736585308000026",
author = "Pradip Thomas",
keywords = "ICTs, E-Governance, Knowledge, Telecentres, Political economy, India"
}
@article{BANULS20111579,
title = "Scenario construction via Delphi and cross-impact analysis",
journal = "Technological Forecasting and Social Change",
volume = "78",
number = "9",
pages = "1579 - 1602",
year = "2011",
note = "The Delphi technique: Past, present, and future prospects",
issn = "0040-1625",
doi = "https://doi.org/10.1016/j.techfore.2011.03.014",
url = "http://www.sciencedirect.com/science/article/pii/S0040162511000667",
author = "Víctor A. Bañuls and Murray Turoff",
keywords = "Cross-Impact Analysis (CIA), Interpretive Structural Modeling (ISM), Scenarios, Delphi method, Economic modeling, Modeling of software development projects"
}
@article{HENDERSON2001161,
title = "Behavioural analysis of component-based systems",
journal = "Information and Software Technology",
volume = "43",
number = "3",
pages = "161 - 169",
year = "2001",
issn = "0950-5849",
doi = "https://doi.org/10.1016/S0950-5849(00)00156-7",
url = "http://www.sciencedirect.com/science/article/pii/S0950584900001567",
author = "P Henderson and R Walters",
keywords = "Behavioural analysis, Component-based systems, RolEnact"
}
@article{CLARKE20122356,
title = "The influence of SPI on business success in software SMEs: An empirical study",
journal = "Journal of Systems and Software",
volume = "85",
number = "10",
pages = "2356 - 2367",
year = "2012",
note = "Automated Software Evolution",
issn = "0164-1212",
doi = "https://doi.org/10.1016/j.jss.2012.05.024",
url = "http://www.sciencedirect.com/science/article/pii/S0164121212001355",
author = "Paul Clarke and Rory V. O’Connor",
keywords = "Software process improvement, Business success"
}
@article{WHITE20133971,
title = "Implementations of a Flexible Framework for Managing Geologic Sequestration Modeling Projects",
journal = "Energy Procedia",
volume = "37",
pages = "3971 - 3979",
year = "2013",
note = "GHGT-11 Proceedings of the 11th International Conference on Greenhouse Gas Control Technologies, 18-22 November 2012, Kyoto, Japan",
issn = "1876-6102",
doi = "https://doi.org/10.1016/j.egypro.2013.06.296",
url = "http://www.sciencedirect.com/science/article/pii/S1876610213005390",
author = "Signe K. White and Luke Gosink and Chandrika Sivaramakrishnan and Gary D. Black and Sumit Purohit and Diana H. Bacon and Zhangshuan Hou and Guang Lin and Ian Gorton and Alain Bonneville",
keywords = "Numerical Simulation, CO, Geologic Sequestration"
}
@article{CHOWA201715,
title = "Emergency care capabilities in the Kingdom of Swaziland, Africa",
journal = "African Journal of Emergency Medicine",
volume = "7",
number = "1",
pages = "15 - 18",
year = "2017",
issn = "2211-419X",
doi = "https://doi.org/10.1016/j.afjem.2017.01.004",
url = "http://www.sciencedirect.com/science/article/pii/S2211419X16300945",
author = "Erika Phindile Chowa and Janice A. Espinola and Ashley F. Sullivan and Masitsela Mhlanga and Carlos A. Camargo"
}
@article{MAYR2011794,
title = "View-based model-driven architecture for enhancing maintainability of data access services",
journal = "Data & Knowledge Engineering",
volume = "70",
number = "9",
pages = "794 - 819",
year = "2011",
issn = "0169-023X",
doi = "https://doi.org/10.1016/j.datak.2011.05.004",
url = "http://www.sciencedirect.com/science/article/pii/S0169023X1100067X",
author = "Christine Mayr and Uwe Zdun and Schahram Dustdar",
keywords = "Data Access Service, DAS, SOA, Service, DAO, Data Access Object, Repository, Model-driven, MDD, Data model, Data, Database, RDBMS, Tooling, Architecture, Ecore, ORM, View-based, View, EMF, GIS, WFS, Web Feature Services, Geographic, Spatial, Non-spatial, Features, Data access, Data, Model-driven architecture, Views"
}
@incollection{DEMB197958,
title = "CHAPTER 6 - Organizational Impacts",
editor = "ADA DEMB",
booktitle = "Computer Systems for Human Systems",
publisher = "Pergamon",
pages = "58 - 81",
year = "1979",
isbn = "978-0-08-023029-0",
doi = "https://doi.org/10.1016/B978-0-08-023029-0.50012-3",
url = "http://www.sciencedirect.com/science/article/pii/B9780080230290500123",
author = "ADA DEMB"
}
@incollection{NELSON1998341,
title = "Software Acquisition: The Custom/Package and lnsource/Outsource Dimensions",
editor = "Marvin V. Zelkowitz",
series = "Advances in Computers",
publisher = "Elsevier",
volume = "47",
pages = "341 - 367",
year = "1998",
issn = "0065-2458",
doi = "https://doi.org/10.1016/S0065-2458(08)60671-3",
url = "http://www.sciencedirect.com/science/article/pii/S0065245808606713",
author = "Paul Nelson and Abraham Seidmann and William Richmond"
}
@article{AKSELSEN1991253,
title = "Experiences from the use of the Grimstad-model for design and implementation of educational software",
journal = "Education and Computing",
volume = "7",
number = "3",
pages = "253 - 265",
year = "1991",
note = "The teacher and computing: why, what, how and when?",
issn = "0167-9287",
doi = "https://doi.org/10.1016/S0167-9287(09)90016-4",
url = "http://www.sciencedirect.com/science/article/pii/S0167928709900164",
author = "Sigmund Akselsen and Gunnar Hartvigsen and Kjell-Roald Langseth",
keywords = "the Grimstad-model, computer-aided instruction, software design, software development, educational computing"
}
@article{KERR199513,
title = "The antibiotic cost calculator; an expert system for global antibiotic cost calculation",
journal = "Computer Methods and Programs in Biomedicine",
volume = "46",
number = "1",
pages = "13 - 21",
year = "1995",
issn = "0169-2607",
doi = "https://doi.org/10.1016/0169-2607(94)01592-4",
url = "http://www.sciencedirect.com/science/article/pii/0169260794015924",
author = "Jonathan Kerr",
keywords = "Antibiotic, Drug, Cost, Computer"
}
@article{HERRMANN2000317,
title = "A framework for modeling transfer protocols",
journal = "Computer Networks",
volume = "34",
number = "2",
pages = "317 - 337",
year = "2000",
issn = "1389-1286",
doi = "https://doi.org/10.1016/S1389-1286(00)00089-X",
url = "http://www.sciencedirect.com/science/article/pii/S138912860000089X",
author = "Peter Herrmann and Heiko Krumm",
keywords = "Protocol specification, Protocol verification, Temporal logic, Framework, Protocol composition"
}
@incollection{CORPORATEUSERPUBLICATIONSGROUPDIGITALEQUIPMENTCORPORATION1989155,
title = "Chapter 9 - Maintenance",
editor = " Corporate User Publications Group / Digital Equipment Corporation",
booktitle = "The Digital Guide to Software Development",
publisher = "Digital Press",
address = "Boston",
pages = "155 - 173",
year = "1989",
isbn = "978-1-55558-035-3",
doi = "https://doi.org/10.1016/B978-1-55558-035-3.50012-4",
url = "http://www.sciencedirect.com/science/article/pii/B9781555580353500124",
author = " Corporate User Publications Group / Digital Equipment Corporation"
}
@incollection{BOTHE19933,
title = "NEUROBIONICS - A NOVEL FACULTY BETWEEN ETHICS, NEUROBIOLOGY, COMPUTATIONAL TECHNOLOGIES AND CLINICAL NEUROSCIENCES",
editor = "Hans-Werner BOTHE and Madjid SAMII and Rolf ECKMILLER",
booktitle = "Neurobionics",
publisher = "Elsevier",
address = "Amsterdam",
pages = "3 - 20",
year = "1993",
isbn = "978-0-444-89958-3",
doi = "https://doi.org/10.1016/B978-0-444-89958-3.50005-X",
url = "http://www.sciencedirect.com/science/article/pii/B978044489958350005X",
author = "Hans-Werner Bothe and Madjid Samii"
}
@article{HOLGEID2000687,
title = "A study of development and maintenance in Norway: assessing the efficiency of information systems support using functional maintenance",
journal = "Information and Software Technology",
volume = "42",
number = "10",
pages = "687 - 700",
year = "2000",
issn = "0950-5849",
doi = "https://doi.org/10.1016/S0950-5849(00)00111-7",
url = "http://www.sciencedirect.com/science/article/pii/S0950584900001117",
author = "K.K Holgeid and J Krogstie and Dag I.K Sjøberg",
keywords = "Software maintenance, Functional maintenance, Survey investigation, Year 2000"
}
@article{CIOCH2000221,
title = "The impact of software architecture reuse on development processes and standards",
journal = "Journal of Systems and Software",
volume = "50",
number = "3",
pages = "221 - 236",
year = "2000",
issn = "0164-1212",
doi = "https://doi.org/10.1016/S0164-1212(99)00099-0",
url = "http://www.sciencedirect.com/science/article/pii/S0164121299000990",
author = "Frank A. Cioch and John M. Brabbs and Larry Sieh",
keywords = "Reuse, Legacy systems, Evolvability, User-centered analysis, Tool assessment, Technology transfer, Work flow modeling, Use cases"
}
@incollection{PRYWES197757,
title = "Automatic Generation of Computer Programs**Preparation of this article was partially supported by the Office of Naval Research, Information Systems Branch, under contract #N00014-76-C-0416. Comments and suggestions from the members of the Automatic Program Generation Project at the University of Pennsylvania, in particular, J. Gana and S. Shastry. are gratefully acknowledged. Thanks are due to Mrs. Barbara Collins for handling several revisions.",
editor = "Morris Rubinoff and Marshall C. Yovits",
series = "Advances in Computers",
publisher = "Elsevier",
volume = "16",
pages = "57 - 125",
year = "1977",
booktitle = "Advances In Computers",
issn = "0065-2458",
doi = "https://doi.org/10.1016/S0065-2458(08)60115-1",
url = "http://www.sciencedirect.com/science/article/pii/S0065245808601151",
author = "Noah S. Prywes"
}
@article{KIM1989197,
title = "Globalization of the software industry: Trends and strategies",
journal = "Information & Management",
volume = "17",
number = "4",
pages = "197 - 206",
year = "1989",
issn = "0378-7206",
doi = "https://doi.org/10.1016/0378-7206(89)90043-8",
url = "http://www.sciencedirect.com/science/article/pii/0378720689900438",
author = "Chai Kim and Stu Westin and Nikhilesh Dholakia",
keywords = "Globalization, Global networks, Newly industralizing countries, Software development, Software exports, Software imports, Software industry, Software maintenance, Software productivity, Software trade, Strategies for software productivity, Technology transfer"
}
@article{LAROCQUE20112456,
title = "Common challenges for ecological modelling: Synthesis of facilitated discussions held at the symposia organized for the 2009 conference of the International Society for Ecological Modelling in Quebec City, Canada, (October 6–9, 2009)",
journal = "Ecological Modelling",
volume = "222",
number = "14",
pages = "2456 - 2468",
year = "2011",
issn = "0304-3800",
doi = "https://doi.org/10.1016/j.ecolmodel.2010.12.017",
url = "http://www.sciencedirect.com/science/article/pii/S0304380010006836",
author = "G.R. Larocque and D. Mailly and T.-X. Yue and M. Anand and C. Peng and C. Kazanci and M. Etterson and P. Goethals and S.E. Jørgensen and J.R. Schramski and E.J.B. McIntire and D.J. Marceau and B. Chen and G.Q. Chen and Z.F. Yang and B. Novotna and N. Luckai and J.S. Bhatti and J. Liu and A. Munson and A.M. Gordon and J.C. Ascough II",
keywords = "ISEM 2009, Symposia, Facilitation, Ecological models, Scientific discussions"
}
@article{LO1999119,
title = "An automatic implementation of the ISO FTAM protocol based on an integrated specification of Estelle and ASN.1",
journal = "Journal of Systems and Software",
volume = "48",
number = "2",
pages = "119 - 137",
year = "1999",
issn = "0164-1212",
doi = "https://doi.org/10.1016/S0164-1212(99)00051-5",
url = "http://www.sciencedirect.com/science/article/pii/S0164121299000515",
author = "A Lo and R Lai"
}
@incollection{DROAR198623,
title = "3 - Managing technology-based training development projects",
booktitle = "Technology-Based Training",
publisher = "Pergamon",
pages = "23 - 39",
year = "1986",
isbn = "978-0-08-034097-5",
doi = "https://doi.org/10.1016/B978-0-08-034097-5.50007-0",
url = "http://www.sciencedirect.com/science/article/pii/B9780080340975500070",
author = "T Droar"
}
@article{LI201282,
title = "Visual analytics of brain networks",
journal = "NeuroImage",
volume = "61",
number = "1",
pages = "82 - 97",
year = "2012",
issn = "1053-8119",
doi = "https://doi.org/10.1016/j.neuroimage.2012.02.075",
url = "http://www.sciencedirect.com/science/article/pii/S1053811912002601",
author = "Kaiming Li and Lei Guo and Carlos Faraco and Dajiang Zhu and Hanbo Chen and Yixuan Yuan and Jinglei Lv and Fan Deng and Xi Jiang and Tuo Zhang and Xintao Hu and Degang Zhang and L. Stephen Miller and Tianming Liu",
keywords = "Multimodal neuroimaging, Joint modeling, Visual analytics, Visualization and interaction, Brain networks"
}
@article{CORTELLESSA200181,
title = "Automatic derivation of software performance models from CASE documents",
journal = "Performance Evaluation",
volume = "45",
number = "2",
pages = "81 - 105",
year = "2001",
note = "Performance Validation of Software Systems",
issn = "0166-5316",
doi = "https://doi.org/10.1016/S0166-5316(01)00036-0",
url = "http://www.sciencedirect.com/science/article/pii/S0166531601000360",
author = "V Cortellessa and A D’Ambrogio and G Iazeolla",
keywords = "Software performance, Software validation, CASE tools"
}
@article{ORTIZ20101080,
title = "Improving device-aware Web services and their mobile clients through an aspect-oriented, model-driven approach",
journal = "Information and Software Technology",
volume = "52",
number = "10",
pages = "1080 - 1093",
year = "2010",
issn = "0950-5849",
doi = "https://doi.org/10.1016/j.infsof.2010.05.002",
url = "http://www.sciencedirect.com/science/article/pii/S0950584910000807",
author = "Guadalupe Ortiz and Alfonso García De Prado",
keywords = "Aspect-oriented software development, Mobile devices, Web service, Model-driven development"
}
@article{ROSLONIEC20101452,
title = "Digital processing of radar signals using industrial computers with vector AltiVec units",
journal = "Journal of the Franklin Institute",
volume = "347",
number = "8",
pages = "1452 - 1467",
year = "2010",
issn = "0016-0032",
doi = "https://doi.org/10.1016/j.jfranklin.2010.06.015",
url = "http://www.sciencedirect.com/science/article/pii/S0016003210001808",
author = "Wojciech RosŁoniec"
}
@incollection{MEYER1999215,
title = "Chapter 6 - Attitude control",
editor = "Rudolf X. Meyer",
booktitle = "Elements of Space Technology",
publisher = "Academic Press",
address = "Burlington",
pages = "215 - 268",
year = "1999",
isbn = "978-0-12-492940-1",
doi = "https://doi.org/10.1016/B978-012492940-1/50006-1",
url = "http://www.sciencedirect.com/science/article/pii/B9780124929401500061",
author = "Rudolf X. Meyer"
}
@article{RODRIGUEZ2010945,
title = "Semi-formal transformation of secure business processes into analysis class and use case models: An MDA approach",
journal = "Information and Software Technology",
volume = "52",
number = "9",
pages = "945 - 971",
year = "2010",
issn = "0950-5849",
doi = "https://doi.org/10.1016/j.infsof.2010.03.015",
url = "http://www.sciencedirect.com/science/article/pii/S0950584910000637",
author = "Alfonso Rodríguez and Ignacio García-Rodríguez de Guzmán and Eduardo Fernández-Medina and Mario Piattini",
keywords = "MDA, Secure business processes, BPMN, UML"
}
@article{LIU2011925,
title = "Automatic performance debugging of SPMD-style parallel programs",
journal = "Journal of Parallel and Distributed Computing",
volume = "71",
number = "7",
pages = "925 - 937",
year = "2011",
issn = "0743-7315",
doi = "https://doi.org/10.1016/j.jpdc.2011.03.006",
url = "http://www.sciencedirect.com/science/article/pii/S0743731511000748",
author = "Xu Liu and Jianfeng Zhan and Kunlin Zhan and Weisong Shi and Lin Yuan and Dan Meng and Lei Wang",
keywords = "SPMD parallel programs, Automatic performance debugging, Performance bottleneck, Root cause analysis, Performance optimization"
}
@article{LABIALE1992257,
title = "A Software System for Designing and Evaluating In-car Information System Interfaces",
journal = "IFAC Proceedings Volumes",
volume = "25",
number = "9",
pages = "257 - 262",
year = "1992",
note = "5th IFAC Symposium on Analysis, Design and Evaluation of Man-Machine Systems (MMS'92), The Hague, The Netherlands, 9-11 June 1992",
issn = "1474-6670",
doi = "https://doi.org/10.1016/S1474-6670(17)50201-3",
url = "http://www.sciencedirect.com/science/article/pii/S1474667017502013",
author = "G. Labiale and K. Ouadou and B.T. David",
keywords = "Software tools, display systems, man-machine systems, human factors, system theory, vehicles, In-car information system, user interface prototyping"
}
@article{REYNOLDS1987497,
title = "Metric-based reasoning about pseudocode design in the partial metrics system",
journal = "Information and Software Technology",
volume = "29",
number = "9",
pages = "497 - 502",
year = "1987",
issn = "0950-5849",
doi = "https://doi.org/10.1016/0950-5849(87)90005-X",
url = "http://www.sciencedirect.com/science/article/pii/095058498790005X",
author = "Robert G Reynolds",
keywords = "software development, programming languages, software metrics, ADA"
}